2820 4852
240 298 281 356 28

148 479 215 536 VII.
239 474 334 535 Kueh.
357 475 417 552 111,
440 495 468 553 p.
481 476 559 551 318,
586 476 652 535 adn
670 477 721 535 21.
747 510 788 519 -
818 477 898 553 29,1
935 469 1068 559 δύνηται
1099 475 1168 553 ΒΗ;
1202 469 1361 536 δύνωνται

237 588 307 643 cett.
354 582 504 642 Pluralem
532 577 689 642 δύνωνται
711 601 779 642 cum
803 582 960 660 nequead
983 583 1180 643 Athenienses
1204 600 1302 660 neque
1324 584 1363 644 ad

236 689 365 750 Thraces
386 691 462 750 bene
483 690 589 750 reterri
605 689 712 768 possit,
736 691 806 767 quia
821 708 909 750 voces
925 683 985 749 ἀπ’
1002 682 1108 749 αὐτῶν
1122 708 1362 767 supervacaneae

235 797 323 871 fiunt,
355 815 452 874 neque
482 797 520 856 ad
552 798 644 858 duces
676 796 919 872 Atheniensium,
952 797 1030 874 quod
1062 797 1101 856 de
1132 797 1190 856 alio
1222 797 1301 857 duce
1327 815 1362 857 ac

236 904 390 981 Diitrephe
413 904 463 964 hic
484 923 543 964 non
558 905 748 982 dictumest,
771 909 945 982 corruptum
960 909 1041 983 puto.
1074 904 1189 965 Deinde
1203 905 1362 964 librarium

235 1011 340 1070 multis
363 1011 528 1088 pluralibus
551 1012 796 1088 praecedentibus
819 1013 978 1072 confusum
1000 1012 1049 1072 hic
1072 1030 1189 1090 quoque
1211 1012 1362 1089 pluralem

235 1135 332 1177 errore
364 1118 503 1178 facillime
534 1137 644 1195 ponere
677 1119 811 1196 potuisse
843 1118 953 1197 opinor.
1001 1119 1076 1178 Tum
1104 1119 1167 1178 loco
1193 1119 1231 1178 ab
1257 1119 1361 1180 Hudio

235 1225 364 1302 exempli
388 1225 482 1301 gratia
508 1225 637 1302 ascripto
661 1226 809 1302 pluralem
831 1226 868 1285 ad
892 1226 1091 1287 Athenienses
1113 1226 1208 1302 ipsos,
1236 1244 1298 1285 non
1320 1226 1361 1286 ad

235 1333 342 1391 ducem
369 1350 469 1392 eorum
497 1333 687 1392 referendum
714 1351 781 1393 esse
804 1333 956 1410 existim03
980 1333 1033 1393 cfr.
1056 1333 1093 1409 V,
1109 1335 1140 1409 4,
1151 1334 1179 1393 5.
1211 1334 1248 1392 H.
1265 1334 1360 1410 p.20.

235 1439 327 1499 Stahl.
344 1437 378 1498 G.
389 1438 423 1499 G.
434 1440 469 1500 A.
496 1441 596 1514 1891,
619 1458 649 1517 p.
667 1442 738 1501 663.
762 1475 807 1483 -
840 1442 921 1516 29,3
950 1433 987 1500 οὐ
1013 1441 1081 1515 ΒΗ,
1113 1458 1169 1500 om.
1192 1443 1277 1516 cett,
1306 1441 1361 1501 sed

234 1546 286 1605 cir.
310 1545 377 1605 adn.
400 1547 433 1606 P.
448 1545 489 1606 St.
512 1547 549 1606 H.
570 1565 598 1624 p.
611 1548 660 1607 20.
686 1583 727 1591 -
757 1549 836 1624 31,1
869 1540 929 1608 ἐπὶ
952 1548 1020 1625 ΒΗ,
1053 1541 1088 1608 ἐκ
1111 1551 1178 1608 cett.
1207 1537 1279 1626 (ἐπὶ
1302 1554 1362 1630 τῆς

233 1648 414 1734 Κερκύρας)
443 1653 582 1730 Praepcs.
607 1644 643 1713 ἐκ
666 1655 850 1732 paragrapho
873 1655 962 1716 huius
984 1673 1046 1732 cap.
1071 1655 1174 1732 quinta
1194 1655 1359 1734 refellitur3

233 1760 287 1819 cfr.
310 1760 347 1818 H.
363 1761 453 1836 p.2l.
480 1793 519 1803 -
550 1763 635 1835 31,4
662 1767 737 1821 extr.
761 1756 896 1834 δεούσας
923 1763 991 1838 BH,
1020 1756 1168 1835 δεούσαις
1193 1761 1293 1823 Acce
1320 1780 1360 1844 γρ

234 1868 259 1925 B
275 1885 312 1947 γρ
327 1867 369 1941 H,
389 1860 425 1926 δε
441 1883 552 1940 οοσαις
569 1868 662 1945 HFM,
687 1868 776 1928 dativ.
793 1869 908 1929 tolerari
932 1888 990 1929 non
1006 1873 1118 1946 potest;
1141 1870 1193 1930 cfr.
1209 1869 1246 1928 H.
1263 1889 1294 1947 p.
1306 1870 1360 1930 21.

235 1974 321 2048 31,4
350 1969 409 2046 τὰς
430 1974 498 2052 ΒΗ;
532 1974 604 2048 ταῖς
636 1980 703 2035 cett.
750 1974 807 2049 Qui
840 1976 928 2036 dativ.
952 1977 1033 2036 artie.
1061 1980 1180 2054 propter
1206 1969 1361 2050 δεούσαις

233 2087 315 2140 ortus
338 2086 384 2140 est
407 2081 489 2141 falso.
515 2117 555 2124 -
581 2084 661 2156 34,1
687 2077 951 2166 Πελοποννήσιοι
974 2075 1052 2165 περὶ
1075 2083 1114 2161 Β,
1141 2077 1359 2166 Πελοποννή-

234 2204 301 2248 σιοι
324 2181 381 2247 καὶ
404 2179 435 2248 oi
458 2181 537 2270 περὶ
559 2195 641 2264 cett,
665 2190 717 2249 cfr.
733 2190 834 2250 H.22.
872 2190 953 2265 Quae
976 2191 1119 2250 vocabula
1141 2191 1206 2250 ideo
1229 2190 1360 2252 tortasse

233 2294 333 2353 addita
356 2301 439 2371 sunt,
463 2297 542 2374 quod
561 2314 586 2355 c.
606 2297 686 2374 17,4
710 2316 770 2356 non
785 2297 1007 2374 Peloponnesii,
1031 2299 1083 2357 sed
1098 2297 1244 2358 Corinthii
1258 2299 1358 2358 nomi·

232 2402 295 2462 nati
327 2407 404 2462 sunt.
429 2438 470 2446 —
501 2405 586 2478 34,2
619 2399 923 2488 προσβεβοηθηκώς
950 2405 988 2482 Β;
1021 2401 1358 2489 προσβεβοηθηκότες

233 2515 301 2569 cett.
348 2508 405 2583 Qui
428 2511 534 2588 plural.
558 2510 700 2587 singulari
723 2511 775 2588 qui
799 2529 858 2589 seq.
882 2530 940 2571 non
965 2513 1115 2590 convenit;
1139 2513 1191 2572 cfr.
1207 2513 1244 2573 H.
1260 2533 1290 2590 p.
1304 2516 1358 2591 22,

233 2617 286 2676 sed
303 2615 464 2676 stabile.
481 2636 509 2692 p.
522 2620 593 2678 663.
611 2652 654 2660 -
671 2619 752 2693 34,6
773 2609 892 2701 ῥᾳδίως
907 2619 945 2694 Β,
969 2612 1025 2679 καί
1041 2623 1123 2699 cett,
1143 2619 1196 2679 cfr.
1212 2621 1250 2680 H
1260 2639 1291 2698 p.
1304 2623 1358 2681 22.

231 2723 305 2799 Hgg.
322 2743 349 2800 p.
362 2724 412 2784 26.
450 2723 633 2800 Scripturam
649 2724 716 2783 Vat.
736 2729 817 2785 recte
840 2725 974 2785 defendit
996 2726 1089 2786 Stahl.
1105 2726 1124 2786 l.
1135 2745 1159 2786 c.
1175 2745 1203 2803 p.
1216 2729 1280 2788 663
1293 2746 1357 2806 seq.

232 2864 274 2872 —
300 2831 385 2904 36,3
410 2834 486 2889 extr.
509 2820 665 2903 παίοντες
692 2831 730 2905 Β,
762 2824 958 2914 παρέχοντες
984 2836 1053 2894 cett.
1098 2833 1217 2892 Hudius
1244 2833 1357 2894 disser-

231 2936 342 2996 tatione
364 2936 438 3011 Hgg.
462 2956 489 3014 p.
507 2938 548 2996 24
572 2937 708 3013 neglecta
729 2939 838 2998 erravit
859 2959 887 3016 p.
905 2941 961 3017 233
985 2941 1038 3000 cfr.
1059 2941 1151 3001 Stahl.
1166 2940 1221 3001 l.c.
1238 2960 1266 3018 p.
1279 2944 1357 3003 664.

232 3077 273 3085 -
292 3045 373 3117 36,5
394 3036 586 3127 ξυγκροῦσαι
602 3045 639 3120 Β,
663 3038 846 3127 ξονιρούσει
864 3046 960 3120 CGH,
985 3042 1172 3129 σσγιρούσει
1188 3052 1257 3108 cett.
1294 3049 1357 3110 Sed

231 3152 374 3212 substant.
398 3156 517 3230 propter
543 3152 625 3212 artic.
648 3148 686 3214 τὸ
713 3154 762 3213 hic
784 3173 887 3214 verum
910 3158 1044 3214 nonest.
1090 3155 1236 3231 Equidem
1260 3155 1358 3232 igitur

231 3257 268 3315 ad
295 3260 453 3335 genuinam
482 3259 581 3336 script.
604 3254 642 3319 τὸ
666 3259 704 3340 (s.
723 3259 785 3342 τῷ)
813 3251 1016 3343 ἀντίπρῳρον
1043 3254 1248 3343 ξυγκρούσαι,
1277 3283 1357 3342 qnae

230 3364 413 3424 restituenda
435 3369 493 3441 est,
518 3357 713 3449 όντιπρρίρῳ
737 3360 921 3448 ξογκρούσει
945 3369 1127 3445 adscriptum
1150 3386 1217 3429 esse
1239 3370 1354 3446 opinor.

231 3471 283 3529 cfr.
306 3471 372 3530 adn.
397 3472 428 3531 P.
445 3471 487 3531 St.
509 3473 546 3533 H.
567 3493 595 3551 p.
612 3475 662 3533 23.
708 3475 830 3548 Herbst,
860 3494 897 3533 zu
919 3475 1120 3552 Thnlrydides.
1144 3475 1354 3554 Hrhldrungen
1387 3462 1396 3487 ⁶

230 3577 292 3635 und
308 3577 659 3657 Wiederherstellungen.
683 3580 727 3656 H,
742 3599 771 3657 p.
786 3582 835 3641 67.
862 3582 955 3641 1893.
974 3617 1014 3625 —
1040 3584 1120 3659 37‚2
1145 3587 1218 3643 extr.
1235 3572 1353 3657 ἐπεξέ-

230 3678 332 3744 πλεον
354 3685 379 3743 Β
402 3703 548 3761 suprascr.
571 3687 614 3765 H;
643 3679 795 3759 ἐξέπλεον
817 3692 899 3763 cett,
923 3689 976 3748 cfr.
992 3689 1029 3748 H.
1045 3708 1073 3766 p.
1086 3691 1136 3749 24.
1165 3689 1240 3766 Hgg.
1256 3710 1286 3767 p.
1299 3693 1351 3752 37.

230 3824 272 3832 -
291 3793 371 3866 37,3
397 3783 427 3853 oi
452 3784 488 3851 δὲ
506 3789 591 3875 πρὸς
611 3789 684 3866 τοὺς
700 3794 768 3868 ΒΗ,
787 3785 817 3854 oi
837 3788 874 3855 δὲ
885 3788 1058 3880 Ἀθηναῖοι
1073 3791 1158 3879 πρὸς
1179 3792 1252 3869 τοὺς
1270 3801 1350 3875 cett,

230 3896 282 3956 etr.
299 3897 336 3955 H.
352 3917 380 3974 p.
392 3899 442 3957 24.
465 3897 538 3974 Hgg.
555 3918 582 3976 p.
595 3901 645 3960 23.
663 3936 704 3945 -
728 3901 811 3978 46,3
835 3906 865 3961 et
880 3902 965 3980 VIII,
982 3903 1060 3978 34,1
1087 3897 1183 3980 μόλις
1198 3904 1232 3979 B,
1255 3897 1352 3984 μόγις

230 4007 312 4083 cett,
340 4004 392 4062 cfr.
416 4005 512 4063 Kueh.
536 4005 564 4082 I,
587 4025 615 4083 p.
633 4008 695 4067 155
724 4007 790 4067 adn.
816 4042 856 4050 -
885 4009 971 4084 42,5
1001 3999 1183 4092 τρίψεσθαι
1212 4011 1250 4088 Β,
1278 4001 1350 4092 τρί-

229 4109 351 4186 βεσθαι
375 4114 455 4185 cett,
479 4111 559 4172 infin.
576 4113 666 4172 futur.
683 4115 777 4190 magis
800 4132 868 4173 cum
893 4107 974 4188 ἕξειν
993 4122 1024 4175 et
1042 4110 1182 4188 ἀπάξειν
1197 4117 1346 4194 convenit

229 4216 282 4275 cfr.
306 4217 342 4275 H.
367 4236 393 4293 p.
407 4219 456 4276 25.
488 4253 525 4261 „.
560 4221 643 4295 43,2
676 4220 716 4279 in.
745 4215 887 4281 ἀδύνατα
919 4224 957 4298 Β,
991 4217 1148 4282 ἀδύνατον
1179 4229 1261 4299 cett,
1294 4225 1348 4285 cir.

229 4322 371 4400 Krueger.
395 4324 471 4402 Sprl.
495 4327 547 4401 44,
557 4327 587 4403 4,
599 4327 626 4386 2.
650 4327 687 4385 Η.
704 4346 734 4405 p.
747 4330 797 4389 25.
820 4360 864 4368 —
887 4331 969 4405 43,2
994 4333 1068 4388 extr.
1094 4321 1291 4392 ὑπελείπετο
1314 4335 1349 4408 Β,
