<?xml version="1.0" encoding="UTF-8"?>
<!DOCTYPE html PUBLIC "-//W3C//DTD XHTML 1.0 Transitional//EN"
    "http://www.w3.org/TR/xhtml1/DTD/xhtml1-transitional.dtd">
<html xmlns="http://www.w3.org/1999/xhtml" xml:lang="en" lang="en">
 <head>
  <title>
</title>
<meta http-equiv="Content-Type" content="text/html;charset=utf-8" />
  <meta name='ocr-system' content='tesseract 3.04.00' />
  <meta name='ocr-capabilities' content='ocr_page ocr_carea ocr_par ocr_line ocrx_word'/>
</head>
<body>
  <div class='ocr_page' id='page_1' title='image "./derationecodicu00richgoog_0031.png"; bbox 0 0 2820 4852; ppageno 0'>
   <div class='ocr_carea' id='block_1_1' title="bbox 176 305 217 377">
    <p class='ocr_par' dir='ltr' id='par_1_1' title="bbox 176 305 217 377">
     <span class='ocr_line' id='line_1_1' title="bbox 176 305 217 377; baseline 0.171 -7"><span class='ocrx_word' id='word_1_1' title='bbox 176 305 217 377; x_wconf 80' lang='lat'>30</span> 
     </span>
    </p>
   </div>
   <div class='ocr_carea' id='block_1_2' title="bbox 84 481 1304 4426">
    <p class='ocr_par' dir='ltr' id='par_1_2' title="bbox 84 481 1304 4426">
     <span class='ocr_line' id='line_1_2' title="bbox 84 481 1304 576; baseline 0.003 -30"><span class='ocrx_word' id='word_1_2' title='bbox 84 488 153 546; x_wconf 80' lang='lat' dir='ltr'>vll.</span> <span class='ocrx_word' id='word_1_3' title='bbox 181 489 293 576; x_wconf 85' lang='grc' dir='ltr'><strong><em>Τήνιοι</em></strong></span> <span class='ocrx_word' id='word_1_4' title='bbox 320 496 400 550; x_wconf 86' lang='lat' dir='ltr'>reete</span> <span class='ocrx_word' id='word_1_5' title='bbox 428 509 460 550; x_wconf 91' lang='lat' dir='ltr'>se</span> <span class='ocrx_word' id='word_1_6' title='bbox 486 484 582 549; x_wconf 83' lang='lat' dir='ltr'>habet</span> <span class='ocrx_word' id='word_1_7' title='bbox 607 525 649 533; x_wconf 96' lang='lat'><strong>—</strong></span> <span class='ocrx_word' id='word_1_8' title='bbox 679 489 761 565; x_wconf 81' lang='grc'>57,4</span> <span class='ocrx_word' id='word_1_9' title='bbox 788 493 863 549; x_wconf 83' lang='lat' dir='ltr'>extr.</span> <span class='ocrx_word' id='word_1_10' title='bbox 888 509 923 571; x_wconf 81' lang='lat' dir='ltr'>ys</span> <span class='ocrx_word' id='word_1_11' title='bbox 945 481 984 568; x_wconf 91' lang='grc' dir='ltr'>Β,</span> <span class='ocrx_word' id='word_1_12' title='bbox 1012 508 1050 549; x_wconf 90' lang='grc' dir='ltr'>τε</span> <span class='ocrx_word' id='word_1_13' title='bbox 1075 492 1161 565; x_wconf 86' lang='grc' dir='ltr'><strong><em>οελλ,</em></strong></span> <span class='ocrx_word' id='word_1_14' title='bbox 1190 481 1245 549; x_wconf 83' lang='lat' dir='ltr'>sed</span> <span class='ocrx_word' id='word_1_15' title='bbox 1268 500 1304 550; x_wconf 87' lang='grc' dir='ltr'>τε</span> 
     </span>
     <span class='ocr_line' id='line_1_3' title="bbox 174 597 1302 677; baseline -0.003 -18"><span class='ocrx_word' id='word_1_16' title='bbox 174 601 248 660; x_wconf 91' lang='lat' dir='ltr'>nihil</span> <span class='ocrx_word' id='word_1_17' title='bbox 279 600 384 674; x_wconf 85' lang='lat' dir='ltr'>habet,</span> <span class='ocrx_word' id='word_1_18' title='bbox 416 615 474 675; x_wconf 89' lang='lat' dir='ltr'>quo</span> <span class='ocrx_word' id='word_1_19' title='bbox 507 597 664 674; x_wconf 63' lang='lat' dir='ltr'>reseratum</span> <span class='ocrx_word' id='word_1_20' title='bbox 696 599 734 656; x_wconf 87' lang='lat' dir='ltr'>de</span> <span class='ocrx_word' id='word_1_21' title='bbox 766 615 801 677; x_wconf 83' lang='grc' dir='ltr'><strong><em>χε</em></strong></span> <span class='ocrx_word' id='word_1_22' title='bbox 831 597 885 656; x_wconf 82' lang='lat' dir='ltr'><strong>cfr.</strong></span> <span class='ocrx_word' id='word_1_23' title='bbox 912 597 1008 658; x_wconf 87' lang='lat' dir='ltr'>Kueh.</span> <span class='ocrx_word' id='word_1_24' title='bbox 1031 597 1087 672; x_wconf 83' lang='lat' dir='ltr'>IV,</span> <span class='ocrx_word' id='word_1_25' title='bbox 1110 599 1189 673; x_wconf 83' lang='lat'>171,</span> <span class='ocrx_word' id='word_1_26' title='bbox 1205 599 1234 656; x_wconf 86' lang='lat'>2.</span> <span class='ocrx_word' id='word_1_27' title='bbox 1259 631 1302 641; x_wconf 93' lang='lat'><em>-</em></span> 
     </span>
     <span class='ocr_line' id='line_1_4' title="bbox 175 696 1302 784; baseline -0.004 -16"><span class='ocrx_word' id='word_1_28' title='bbox 175 709 257 782; x_wconf 84' lang='lat'>57‚8</span> <span class='ocrx_word' id='word_1_29' title='bbox 282 698 315 765; x_wconf 76' lang='grc' dir='ltr'>ἐν</span> <span class='ocrx_word' id='word_1_30' title='bbox 334 698 527 784; x_wconf 77' lang='grc' dir='ltr'><strong><em>Ναυπάκτῳ</em></strong></span> <span class='ocrx_word' id='word_1_31' title='bbox 550 721 606 762; x_wconf 88' lang='lat' dir='ltr'>om.</span> <span class='ocrx_word' id='word_1_32' title='bbox 630 704 668 781; x_wconf 88' lang='lat' dir='ltr'>B;</span> <span class='ocrx_word' id='word_1_33' title='bbox 693 696 729 762; x_wconf 79' lang='grc' dir='ltr'>ἐκ</span> <span class='ocrx_word' id='word_1_34' title='bbox 747 698 952 764; x_wconf 81' lang='grc' dir='ltr'><strong><em>Ναυπάκτου</em></strong></span> <span class='ocrx_word' id='word_1_35' title='bbox 975 723 1032 763; x_wconf 90' lang='lat' dir='ltr'>om.</span> <span class='ocrx_word' id='word_1_36' title='bbox 1055 708 1138 781; x_wconf 81' lang='lat' dir='ltr'>cett,</span> <span class='ocrx_word' id='word_1_37' title='bbox 1163 705 1217 764; x_wconf 85' lang='lat' dir='ltr'><strong>cfr.</strong></span> <span class='ocrx_word' id='word_1_38' title='bbox 1234 704 1302 764; x_wconf 85' lang='lat' dir='ltr'>adn.</span> 
     </span>
     <span class='ocr_line' id='line_1_5' title="bbox 173 802 1302 891; baseline -0.002 -19"><span class='ocrx_word' id='word_1_39' title='bbox 173 814 259 873; x_wconf 86' lang='lat' dir='ltr'>P.St.</span> <span class='ocrx_word' id='word_1_40' title='bbox 283 848 325 857; x_wconf 95' lang='lat'><em>-</em></span> <span class='ocrx_word' id='word_1_41' title='bbox 348 812 423 888; x_wconf 82' lang='lat' dir='ltr'><strong>Hgg.</strong></span> <span class='ocrx_word' id='word_1_42' title='bbox 446 813 540 888; x_wconf 63' lang='lat' dir='ltr'>pet.</span> <span class='ocrx_word' id='word_1_43' title='bbox 568 811 605 868; x_wconf 92' lang='lat' dir='ltr'>H.</span> <span class='ocrx_word' id='word_1_44' title='bbox 621 813 712 888; x_wconf 89' lang='lat' dir='ltr'><strong>p.3l.</strong></span> <span class='ocrx_word' id='word_1_45' title='bbox 737 844 779 854; x_wconf 87' lang='lat'><em>-</em></span> <span class='ocrx_word' id='word_1_46' title='bbox 805 813 886 886; x_wconf 82' lang='lat'><strong>57,9</strong></span> <span class='ocrx_word' id='word_1_47' title='bbox 915 803 975 889; x_wconf 76' lang='grc' dir='ltr'>μὲν</span> <span class='ocrx_word' id='word_1_48' title='bbox 997 806 1058 891; x_wconf 81' lang='grc' dir='ltr'>γάρ</span> <span class='ocrx_word' id='word_1_49' title='bbox 1080 811 1120 886; x_wconf 94' lang='grc' dir='ltr'>Β,</span> <span class='ocrx_word' id='word_1_50' title='bbox 1147 802 1209 888; x_wconf 79' lang='grc' dir='ltr'>μὲν</span> <span class='ocrx_word' id='word_1_51' title='bbox 1233 816 1302 870; x_wconf 86' lang='grc' dir='ltr'><strong><em>οελλ.</em></strong></span> 
     </span>
     <span class='ocr_line' id='line_1_6' title="bbox 173 908 1303 1002; baseline -0.004 -22"><span class='ocrx_word' id='word_1_52' title='bbox 173 914 321 1002; x_wconf 80' lang='grc' dir='ltr'><strong><em>(Ἀργεῖοι</em></strong></span> <span class='ocrx_word' id='word_1_53' title='bbox 344 911 404 997; x_wconf 77' lang='grc' dir='ltr'>μὲν</span> <span class='ocrx_word' id='word_1_54' title='bbox 426 914 505 999; x_wconf 78' lang='grc' dir='ltr'><strong><em>μὰρ).</em></strong></span> <span class='ocrx_word' id='word_1_55' title='bbox 538 917 607 976; x_wconf 83' lang='lat' dir='ltr'>Vox</span> <span class='ocrx_word' id='word_1_56' title='bbox 626 913 686 998; x_wconf 80' lang='grc' dir='ltr'>γὰρ</span> <span class='ocrx_word' id='word_1_57' title='bbox 702 935 761 994; x_wconf 87' lang='lat' dir='ltr'>qua</span> <span class='ocrx_word' id='word_1_58' title='bbox 777 908 925 991; x_wconf 75' lang='grc' dir='ltr'><em>ἑκούσιος</em></span> <span class='ocrx_word' id='word_1_59' title='bbox 939 918 1120 994; x_wconf 78' lang='lat' dir='ltr'>explicatur,</span> <span class='ocrx_word' id='word_1_60' title='bbox 1143 917 1303 994; x_wconf 88' lang='lat' dir='ltr'>aptissime</span> 
     </span>
     <span class='ocr_line' id='line_1_7' title="bbox 172 1024 1302 1103; baseline -0.002 -17"><span class='ocrx_word' id='word_1_61' title='bbox 172 1028 275 1086; x_wconf 82' lang='lat' dir='ltr'>addita</span> <span class='ocrx_word' id='word_1_62' title='bbox 297 1033 357 1101; x_wconf 86' lang='lat' dir='ltr'>est,</span> <span class='ocrx_word' id='word_1_63' title='bbox 380 1024 553 1103; x_wconf 79' lang='lat' dir='ltr'>praesentim</span> <span class='ocrx_word' id='word_1_64' title='bbox 575 1044 644 1084; x_wconf 84' lang='lat' dir='ltr'>cum</span> <span class='ocrx_word' id='word_1_65' title='bbox 666 1025 750 1084; x_wconf 85' lang='lat' dir='ltr'>loeus</span> <span class='ocrx_word' id='word_1_66' title='bbox 772 1025 813 1099; x_wconf 90' lang='grc' dir='ltr'>Π,</span> <span class='ocrx_word' id='word_1_67' title='bbox 830 1026 889 1101; x_wconf 87' lang='grc'>9,2</span> <span class='ocrx_word' id='word_1_68' title='bbox 913 1025 950 1084; x_wconf 85' lang='lat' dir='ltr'>ab</span> <span class='ocrx_word' id='word_1_69' title='bbox 965 1024 1065 1084; x_wconf 87' lang='lat' dir='ltr'>Hudio</span> <span class='ocrx_word' id='word_1_70' title='bbox 1088 1025 1171 1102; x_wconf 89' lang='lat' dir='ltr'><strong>p.31</strong></span> <span class='ocrx_word' id='word_1_71' title='bbox 1189 1025 1302 1084; x_wconf 84' lang='lat' dir='ltr'>allatus</span> 
     </span>
     <span class='ocr_line' id='line_1_8' title="bbox 173 1122 1302 1213; baseline -0.002 -21"><span class='ocrx_word' id='word_1_72' title='bbox 173 1135 295 1193; x_wconf 90' lang='lat' dir='ltr'>minime</span> <span class='ocrx_word' id='word_1_73' title='bbox 323 1133 430 1193; x_wconf 89' lang='lat' dir='ltr'>similis</span> <span class='ocrx_word' id='word_1_74' title='bbox 456 1132 600 1192; x_wconf 83' lang='lat' dir='ltr'>videatur.</span> <span class='ocrx_word' id='word_1_75' title='bbox 625 1167 665 1174; x_wconf 89' lang='lat'>—</span> <span class='ocrx_word' id='word_1_76' title='bbox 693 1134 774 1209; x_wconf 83' lang='lat'><strong>57,9</strong></span> <span class='ocrx_word' id='word_1_77' title='bbox 803 1122 963 1213; x_wconf 82' lang='grc' dir='ltr'><strong><em>ὠφελείας</em></strong></span> <span class='ocrx_word' id='word_1_78' title='bbox 984 1132 1024 1206; x_wconf 90' lang='grc' dir='ltr'>Β,</span> <span class='ocrx_word' id='word_1_79' title='bbox 1051 1150 1108 1191; x_wconf 92' lang='lat' dir='ltr'>om.</span> <span class='ocrx_word' id='word_1_80' title='bbox 1132 1135 1217 1208; x_wconf 81' lang='lat' dir='ltr'>cett,</span> <span class='ocrx_word' id='word_1_81' title='bbox 1242 1151 1302 1208; x_wconf 89' lang='lat' dir='ltr'>quo</span> 
     </span>
     <span class='ocr_line' id='line_1_9' title="bbox 173 1228 1303 1318; baseline -0.001 -19"><span class='ocrx_word' id='word_1_82' title='bbox 173 1259 273 1300; x_wconf 84' lang='lat' dir='ltr'>carere</span> <span class='ocrx_word' id='word_1_83' title='bbox 287 1260 347 1301; x_wconf 88' lang='lat' dir='ltr'>non</span> <span class='ocrx_word' id='word_1_84' title='bbox 361 1257 533 1318; x_wconf 79' lang='lat' dir='ltr'>possumus,</span> <span class='ocrx_word' id='word_1_85' title='bbox 549 1239 601 1298; x_wconf 84' lang='lat' dir='ltr'>cir.</span> <span class='ocrx_word' id='word_1_86' title='bbox 617 1239 685 1298; x_wconf 83' lang='lat' dir='ltr'>adn.</span> <span class='ocrx_word' id='word_1_87' title='bbox 700 1239 732 1297; x_wconf 87' lang='lat' dir='ltr'>P.</span> <span class='ocrx_word' id='word_1_88' title='bbox 743 1239 785 1299; x_wconf 88' lang='lat' dir='ltr'>St.</span> <span class='ocrx_word' id='word_1_89' title='bbox 797 1274 839 1282; x_wconf 94' lang='lat'><strong>—</strong></span> <span class='ocrx_word' id='word_1_90' title='bbox 857 1241 938 1315; x_wconf 83' lang='grc'>57,9</span> <span class='ocrx_word' id='word_1_91' title='bbox 955 1228 1088 1311; x_wconf 76' lang='grc' dir='ltr'><strong><em>ἑκόντας</em></strong></span> <span class='ocrx_word' id='word_1_92' title='bbox 1102 1239 1142 1314; x_wconf 94' lang='grc' dir='ltr'>Β,</span> <span class='ocrx_word' id='word_1_93' title='bbox 1159 1231 1303 1312; x_wconf 74' lang='grc' dir='ltr'><strong><em>ἄκοντας</em></strong></span> 
     </span>
     <span class='ocr_line' id='line_1_10' title="bbox 173 1340 1302 1424; baseline -0.002 -16"><span class='ocrx_word' id='word_1_94' title='bbox 173 1354 253 1424; x_wconf 87' lang='grc' dir='ltr'><strong><em>οελλ.,</em></strong></span> <span class='ocrx_word' id='word_1_95' title='bbox 276 1349 329 1408; x_wconf 84' lang='lat' dir='ltr'><strong>cfr.</strong></span> <span class='ocrx_word' id='word_1_96' title='bbox 353 1348 419 1407; x_wconf 85' lang='lat' dir='ltr'>adn.</span> <span class='ocrx_word' id='word_1_97' title='bbox 443 1347 475 1406; x_wconf 94' lang='lat' dir='ltr'>P.</span> <span class='ocrx_word' id='word_1_98' title='bbox 486 1347 528 1407; x_wconf 87' lang='lat' dir='ltr'>St.</span> <span class='ocrx_word' id='word_1_99' title='bbox 553 1381 594 1389; x_wconf 89' lang='lat'>—</span> <span class='ocrx_word' id='word_1_100' title='bbox 620 1347 723 1420; x_wconf 63' lang='lat' dir='ltr'>57,st</span> <span class='ocrx_word' id='word_1_101' title='bbox 753 1341 895 1423; x_wconf 78' lang='grc' dir='ltr'><strong><em>Σικελῶν</em></strong></span> <span class='ocrx_word' id='word_1_102' title='bbox 917 1346 956 1424; x_wconf 69' lang='grc' dir='ltr'>Β,</span> <span class='ocrx_word' id='word_1_103' title='bbox 985 1340 1194 1406; x_wconf 79' lang='grc' dir='ltr'><strong><em>Σικελιωτῶν</em></strong></span> <span class='ocrx_word' id='word_1_104' title='bbox 1221 1350 1302 1423; x_wconf 75' lang='lat' dir='ltr'>cett,</span> 
     </span>
     <span class='ocr_line' id='line_1_11' title="bbox 173 1446 1301 1534; baseline 0 -22"><span class='ocrx_word' id='word_1_105' title='bbox 173 1451 326 1533; x_wconf 82' lang='grc' dir='ltr'><strong><em>(Σικελῶν</em></strong></span> <span class='ocrx_word' id='word_1_106' title='bbox 348 1450 386 1515; x_wconf 87' lang='grc' dir='ltr'><strong><em>τὸ</em></strong></span> <span class='ocrx_word' id='word_1_107' title='bbox 408 1446 536 1531; x_wconf 80' lang='grc' dir='ltr'><strong><em>πλέον),</em></strong></span> <span class='ocrx_word' id='word_1_108' title='bbox 560 1453 614 1512; x_wconf 87' lang='lat' dir='ltr'>sed</span> <span class='ocrx_word' id='word_1_109' title='bbox 629 1447 834 1512; x_wconf 84' lang='grc' dir='ltr'><strong><em>Σικελιωτῶν</em></strong></span> <span class='ocrx_word' id='word_1_110' title='bbox 856 1472 926 1512; x_wconf 85' lang='lat' dir='ltr'>eum</span> <span class='ocrx_word' id='word_1_111' title='bbox 947 1446 1120 1534; x_wconf 73' lang='grc' dir='ltr'><strong><em>βαρβάρων</em></strong></span> <span class='ocrx_word' id='word_1_112' title='bbox 1143 1471 1206 1512; x_wconf 88' lang='lat' dir='ltr'>uon</span> <span class='ocrx_word' id='word_1_113' title='bbox 1229 1471 1301 1512; x_wconf 89' lang='lat' dir='ltr'>eon-</span> 
     </span>
     <span class='ocr_line' id='line_1_12' title="bbox 172 1550 1302 1643; baseline 0 -24"><span class='ocrx_word' id='word_1_114' title='bbox 172 1562 267 1639; x_wconf 79' lang='lat' dir='ltr'>venit3</span> <span class='ocrx_word' id='word_1_115' title='bbox 292 1562 345 1621; x_wconf 82' lang='lat' dir='ltr'>eir.</span> <span class='ocrx_word' id='word_1_116' title='bbox 368 1561 406 1620; x_wconf 93' lang='lat' dir='ltr'>H.</span> <span class='ocrx_word' id='word_1_117' title='bbox 422 1562 513 1638; x_wconf 88' lang='lat' dir='ltr'><strong>p.3l.</strong></span> <span class='ocrx_word' id='word_1_118' title='bbox 538 1593 580 1603; x_wconf 88' lang='lat'>—</span> <span class='ocrx_word' id='word_1_119' title='bbox 605 1561 687 1636; x_wconf 87' lang='grc'>58,4</span> <span class='ocrx_word' id='word_1_120' title='bbox 711 1554 950 1643; x_wconf 86' lang='grc' dir='ltr'><strong><em>Συρακύ(υ)σιοι</em></strong></span> <span class='ocrx_word' id='word_1_121' title='bbox 973 1561 1012 1639; x_wconf 86' lang='grc' dir='ltr'>Β;</span> <span class='ocrx_word' id='word_1_122' title='bbox 1036 1550 1302 1641; x_wconf 81' lang='grc' dir='ltr'><strong><em>Συρακο(υ)σίους</em></strong></span> 
     </span>
     <span class='ocr_line' id='line_1_13' title="bbox 173 1660 1301 1745; baseline -0.001 -18"><span class='ocrx_word' id='word_1_123' title='bbox 173 1672 242 1728; x_wconf 81' lang='lat' dir='ltr'>cett.</span> <span class='ocrx_word' id='word_1_124' title='bbox 288 1671 393 1728; x_wconf 80' lang='lat' dir='ltr'>Aecus.</span> <span class='ocrx_word' id='word_1_125' title='bbox 418 1668 469 1745; x_wconf 90' lang='lat' dir='ltr'>qui</span> <span class='ocrx_word' id='word_1_126' title='bbox 497 1667 619 1726; x_wconf 78' lang='lat' dir='ltr'>vocibus</span> <span class='ocrx_word' id='word_1_127' title='bbox 646 1662 721 1739; x_wconf 78' lang='grc' dir='ltr'><strong><em>τοὺς</em></strong></span> <span class='ocrx_word' id='word_1_128' title='bbox 748 1660 864 1740; x_wconf 80' lang='grc' dir='ltr'><strong><em>ἀλλους</em></strong></span> <span class='ocrx_word' id='word_1_129' title='bbox 891 1671 973 1728; x_wconf 81' lang='lat' dir='ltr'>ortus</span> <span class='ocrx_word' id='word_1_130' title='bbox 1000 1673 1059 1743; x_wconf 88' lang='lat' dir='ltr'>est,</span> <span class='ocrx_word' id='word_1_131' title='bbox 1091 1667 1210 1727; x_wconf 78' lang='lat' dir='ltr'>nullam</span> <span class='ocrx_word' id='word_1_132' title='bbox 1234 1685 1301 1727; x_wconf 88' lang='lat' dir='ltr'>sen-</span> 
     </span>
     <span class='ocr_line' id='line_1_14' title="bbox 172 1766 1299 1855; baseline -0.001 -21"><span class='ocrx_word' id='word_1_133' title='bbox 172 1775 294 1835; x_wconf 83' lang='lat' dir='ltr'>tentiam</span> <span class='ocrx_word' id='word_1_134' title='bbox 323 1775 380 1834; x_wconf 86' lang='lat' dir='ltr'>dat</span> <span class='ocrx_word' id='word_1_135' title='bbox 405 1809 446 1818; x_wconf 90' lang='lat'>-</span> <span class='ocrx_word' id='word_1_136' title='bbox 472 1775 554 1850; x_wconf 80' lang='lat'>59‚2</span> <span class='ocrx_word' id='word_1_137' title='bbox 582 1773 621 1831; x_wconf 89' lang='lat' dir='ltr'>in.</span> <span class='ocrx_word' id='word_1_138' title='bbox 646 1766 814 1854; x_wconf 71' lang='grc' dir='ltr'><strong><em>ἀγώνισμα</em></strong></span> <span class='ocrx_word' id='word_1_139' title='bbox 837 1774 876 1854; x_wconf 91' lang='grc' dir='ltr'>Β,</span> <span class='ocrx_word' id='word_1_140' title='bbox 906 1767 1013 1855; x_wconf 80' lang='grc' dir='ltr'><strong><em>ἀγῶνα</em></strong></span> <span class='ocrx_word' id='word_1_141' title='bbox 1040 1779 1124 1850; x_wconf 80' lang='lat' dir='ltr'>cett,</span> <span class='ocrx_word' id='word_1_142' title='bbox 1152 1775 1207 1834; x_wconf 83' lang='lat' dir='ltr'><strong>cfr.</strong></span> <span class='ocrx_word' id='word_1_143' title='bbox 1231 1773 1299 1834; x_wconf 83' lang='lat' dir='ltr'>adn.</span> 
     </span>
     <span class='ocr_line' id='line_1_15' title="bbox 173 1870 1303 1966; baseline 0.001 -25"><span class='ocrx_word' id='word_1_144' title='bbox 173 1883 205 1942; x_wconf 95' lang='lat' dir='ltr'>P.</span> <span class='ocrx_word' id='word_1_145' title='bbox 216 1881 259 1942; x_wconf 82' lang='lat' dir='ltr'>St.</span> <span class='ocrx_word' id='word_1_146' title='bbox 282 1882 318 1940; x_wconf 90' lang='lat' dir='ltr'>H.</span> <span class='ocrx_word' id='word_1_147' title='bbox 342 1901 371 1957; x_wconf 90' lang='lat' dir='ltr'>p.</span> <span class='ocrx_word' id='word_1_148' title='bbox 383 1882 433 1940; x_wconf 80' lang='lat'>32.</span> <span class='ocrx_word' id='word_1_149' title='bbox 457 1915 499 1923; x_wconf 91' lang='lat'><em>-</em></span> <span class='ocrx_word' id='word_1_150' title='bbox 534 1882 615 1955; x_wconf 85' lang='lat'><strong>59,2</strong></span> <span class='ocrx_word' id='word_1_151' title='bbox 649 1878 729 1940; x_wconf 75' lang='grc' dir='ltr'><strong><em>καθ’</em></strong></span> <span class='ocrx_word' id='word_1_152' title='bbox 754 1872 846 1962; x_wconf 70' lang='grc' dir='ltr'><strong><em>ἕτερα</em></strong></span> <span class='ocrx_word' id='word_1_153' title='bbox 873 1881 912 1957; x_wconf 92' lang='grc' dir='ltr'>Β,</span> <span class='ocrx_word' id='word_1_154' title='bbox 943 1876 1025 1942; x_wconf 75' lang='grc' dir='ltr'><strong><em>καθ’</em></strong></span> <span class='ocrx_word' id='word_1_155' title='bbox 1048 1870 1189 1964; x_wconf 75' lang='grc' dir='ltr'><strong><em>ἑκάτερα</em></strong></span> <span class='ocrx_word' id='word_1_156' title='bbox 1221 1887 1303 1966; x_wconf 71' lang='lat' dir='ltr'>cett,</span> 
     </span>
     <span class='ocr_line' id='line_1_16' title="bbox 172 1982 1302 2070; baseline 0.001 -22"><span class='ocrx_word' id='word_1_157' title='bbox 172 1982 336 2070; x_wconf 88' lang='grc' dir='ltr'><strong><em>κακάτερα</em></strong></span> <span class='ocrx_word' id='word_1_158' title='bbox 364 1988 400 2066; x_wconf 78' lang='lat'>03</span> <span class='ocrx_word' id='word_1_159' title='bbox 433 1989 488 2048; x_wconf 85' lang='lat' dir='ltr'><strong>cfr.</strong></span> <span class='ocrx_word' id='word_1_160' title='bbox 511 1987 577 2049; x_wconf 83' lang='lat' dir='ltr'>adn.</span> <span class='ocrx_word' id='word_1_161' title='bbox 600 1988 742 2062; x_wconf 83' lang='lat' dir='ltr'>Krueger.</span> <span class='ocrx_word' id='word_1_162' title='bbox 767 2023 808 2031; x_wconf 95' lang='lat'><em>-</em></span> <span class='ocrx_word' id='word_1_163' title='bbox 839 1989 919 2064; x_wconf 79' lang='lat'>60,2</span> <span class='ocrx_word' id='word_1_164' title='bbox 948 1982 1084 2061; x_wconf 78' lang='grc' dir='ltr'><strong><em>ἁπάσας</em></strong></span> <span class='ocrx_word' id='word_1_165' title='bbox 1111 1991 1149 2064; x_wconf 93' lang='grc' dir='ltr'>Β,</span> <span class='ocrx_word' id='word_1_166' title='bbox 1183 1983 1302 2062; x_wconf 86' lang='grc' dir='ltr'><strong><em>πάσας</em></strong></span> 
     </span>
     <span class='ocr_line' id='line_1_17' title="bbox 173 2091 1301 2180; baseline 0.001 -25"><span class='ocrx_word' id='word_1_167' title='bbox 173 2099 241 2156; x_wconf 83' lang='lat' dir='ltr'>cett.</span> <span class='ocrx_word' id='word_1_168' title='bbox 263 2093 327 2178; x_wconf 69' lang='grc'>[6],</span> <span class='ocrx_word' id='word_1_169' title='bbox 350 2096 402 2155; x_wconf 84' lang='lat' dir='ltr'>eir.</span> <span class='ocrx_word' id='word_1_170' title='bbox 418 2096 486 2154; x_wconf 86' lang='lat' dir='ltr'>adn.</span> <span class='ocrx_word' id='word_1_171' title='bbox 510 2097 543 2156; x_wconf 89' lang='lat' dir='ltr'>P.</span> <span class='ocrx_word' id='word_1_172' title='bbox 553 2095 596 2156; x_wconf 86' lang='lat' dir='ltr'>St.</span> <span class='ocrx_word' id='word_1_173' title='bbox 613 2129 653 2138; x_wconf 94' lang='lat'>—-</span> <span class='ocrx_word' id='word_1_174' title='bbox 681 2097 761 2172; x_wconf 84' lang='grc'>62,3</span> <span class='ocrx_word' id='word_1_175' title='bbox 784 2095 824 2154; x_wconf 93' lang='lat' dir='ltr'>in.</span> <span class='ocrx_word' id='word_1_176' title='bbox 845 2092 904 2178; x_wconf 78' lang='grc' dir='ltr'>χρὴ</span> <span class='ocrx_word' id='word_1_177' title='bbox 920 2096 958 2170; x_wconf 90' lang='grc' dir='ltr'>Β,</span> <span class='ocrx_word' id='word_1_178' title='bbox 981 2091 1027 2177; x_wconf 74' lang='grc' dir='ltr'>μὴ</span> <span class='ocrx_word' id='word_1_179' title='bbox 1050 2099 1132 2170; x_wconf 83' lang='lat' dir='ltr'>cett,</span> <span class='ocrx_word' id='word_1_180' title='bbox 1155 2100 1232 2173; x_wconf 84' lang='lat' dir='ltr'>part.</span> <span class='ocrx_word' id='word_1_181' title='bbox 1254 2093 1301 2180; x_wconf 76' lang='grc' dir='ltr'>μὴ</span> 
     </span>
     <span class='ocr_line' id='line_1_18' title="bbox 172 2197 1299 2284; baseline 0.002 -23"><span class='ocrx_word' id='word_1_182' title='bbox 172 2203 222 2261; x_wconf 84' lang='lat' dir='ltr'>hie</span> <span class='ocrx_word' id='word_1_183' title='bbox 244 2203 419 2263; x_wconf 82' lang='lat' dir='ltr'>sententiam</span> <span class='ocrx_word' id='word_1_184' title='bbox 438 2221 497 2262; x_wconf 88' lang='lat' dir='ltr'>nun</span> <span class='ocrx_word' id='word_1_185' title='bbox 514 2203 611 2262; x_wconf 83' lang='lat' dir='ltr'>habet</span> <span class='ocrx_word' id='word_1_186' title='bbox 628 2237 669 2245; x_wconf 96' lang='lat'>—</span> <span class='ocrx_word' id='word_1_187' title='bbox 689 2204 769 2276; x_wconf 84' lang='lat'><strong>62,3</strong></span> <span class='ocrx_word' id='word_1_188' title='bbox 794 2197 834 2284; x_wconf 81' lang='grc' dir='ltr'>δὴ</span> <span class='ocrx_word' id='word_1_189' title='bbox 852 2204 890 2283; x_wconf 90' lang='grc' dir='ltr'>Β,</span> <span class='ocrx_word' id='word_1_190' title='bbox 913 2221 970 2262; x_wconf 89' lang='lat' dir='ltr'>om.</span> <span class='ocrx_word' id='word_1_191' title='bbox 986 2207 1067 2278; x_wconf 87' lang='lat' dir='ltr'>cett,</span> <span class='ocrx_word' id='word_1_192' title='bbox 1083 2203 1137 2262; x_wconf 83' lang='lat' dir='ltr'>eir.</span> <span class='ocrx_word' id='word_1_193' title='bbox 1152 2203 1191 2262; x_wconf 91' lang='lat' dir='ltr'>H.</span> <span class='ocrx_word' id='word_1_194' title='bbox 1204 2222 1234 2280; x_wconf 91' lang='lat' dir='ltr'>p.</span> <span class='ocrx_word' id='word_1_195' title='bbox 1247 2205 1299 2264; x_wconf 88' lang='grc'>33.</span> 
     </span>
     <span class='ocr_line' id='line_1_19' title="bbox 173 2303 1297 2393; baseline 0 -23"><span class='ocrx_word' id='word_1_196' title='bbox 173 2344 214 2352; x_wconf 93' lang='grc'>-</span> <span class='ocrx_word' id='word_1_197' title='bbox 242 2312 321 2383; x_wconf 86' lang='grc'>63,1</span> <span class='ocrx_word' id='word_1_198' title='bbox 347 2303 504 2393; x_wconf 79' lang='grc' dir='ltr'><strong><em>ἀξιοῦν-ἢ</em></strong></span> <span class='ocrx_word' id='word_1_199' title='bbox 527 2311 566 2387; x_wconf 75' lang='grc' dir='ltr'>Β,</span> <span class='ocrx_word' id='word_1_200' title='bbox 600 2303 756 2393; x_wconf 74' lang='grc' dir='ltr'><strong><em>ἀξιον-ἢν</em></strong></span> <span class='ocrx_word' id='word_1_201' title='bbox 778 2314 859 2385; x_wconf 77' lang='lat' dir='ltr'>cett,</span> <span class='ocrx_word' id='word_1_202' title='bbox 888 2310 941 2369; x_wconf 79' lang='lat' dir='ltr'>etr.</span> <span class='ocrx_word' id='word_1_203' title='bbox 964 2311 1002 2369; x_wconf 93' lang='lat' dir='ltr'>H.</span> <span class='ocrx_word' id='word_1_204' title='bbox 1019 2329 1047 2386; x_wconf 89' lang='lat' dir='ltr'>p.</span> <span class='ocrx_word' id='word_1_205' title='bbox 1061 2311 1112 2370; x_wconf 86' lang='lat'>33.</span> <span class='ocrx_word' id='word_1_206' title='bbox 1137 2343 1182 2354; x_wconf 94' lang='lat'>—</span> <span class='ocrx_word' id='word_1_207' title='bbox 1213 2313 1297 2387; x_wconf 84' lang='grc'>64,1</span> 
     </span>
     <span class='ocr_line' id='line_1_20' title="bbox 172 2408 1299 2500; baseline 0.002 -24"><span class='ocrx_word' id='word_1_208' title='bbox 172 2411 281 2499; x_wconf 78' lang='grc' dir='ltr'><strong><em>ἡύμῶν</em></strong></span> <span class='ocrx_word' id='word_1_209' title='bbox 304 2418 342 2493; x_wconf 91' lang='grc' dir='ltr'>Β,</span> <span class='ocrx_word' id='word_1_210' title='bbox 366 2414 457 2500; x_wconf 75' lang='grc' dir='ltr'><strong><em>ἡμῶν</em></strong></span> <span class='ocrx_word' id='word_1_211' title='bbox 480 2422 547 2476; x_wconf 86' lang='grc' dir='ltr'><strong><em>οελλ.</em></strong></span> <span class='ocrx_word' id='word_1_212' title='bbox 591 2416 650 2476; x_wconf 87' lang='lat' dir='ltr'>Sed</span> <span class='ocrx_word' id='word_1_213' title='bbox 673 2412 761 2493; x_wconf 78' lang='grc' dir='ltr'><strong><em>ὑμῶν</em></strong></span> <span class='ocrx_word' id='word_1_214' title='bbox 783 2421 903 2494; x_wconf 84' lang='lat' dir='ltr'>propter</span> <span class='ocrx_word' id='word_1_215' title='bbox 926 2408 1107 2477; x_wconf 80' lang='grc' dir='ltr'><strong><em>ὑπελίπετε</em></strong></span> <span class='ocrx_word' id='word_1_216' title='bbox 1130 2417 1211 2494; x_wconf 85' lang='lat' dir='ltr'>quod</span> <span class='ocrx_word' id='word_1_217' title='bbox 1235 2436 1299 2496; x_wconf 88' lang='lat' dir='ltr'>seq.</span> 
     </span>
     <span class='ocr_line' id='line_1_21' title="bbox 172 2520 1299 2606; baseline 0.001 -22"><span class='ocrx_word' id='word_1_218' title='bbox 172 2525 397 2602; x_wconf 82' lang='lat' dir='ltr'>praeferendum</span> <span class='ocrx_word' id='word_1_219' title='bbox 430 2527 484 2584; x_wconf 84' lang='lat' dir='ltr'>est.</span> <span class='ocrx_word' id='word_1_220' title='bbox 529 2524 681 2584; x_wconf 79' lang='lat' dir='ltr'>Librarius</span> <span class='ocrx_word' id='word_1_221' title='bbox 707 2523 803 2584; x_wconf 81' lang='lat' dir='ltr'>Vatis.</span> <span class='ocrx_word' id='word_1_222' title='bbox 831 2524 905 2583; x_wconf 86' lang='lat' dir='ltr'>mire</span> <span class='ocrx_word' id='word_1_223' title='bbox 936 2524 1019 2601; x_wconf 88' lang='lat' dir='ltr'>prius</span> <span class='ocrx_word' id='word_1_224' title='bbox 1047 2520 1138 2606; x_wconf 72' lang='grc' dir='ltr'><strong><em>ἡμῶν</em></strong></span> <span class='ocrx_word' id='word_1_225' title='bbox 1166 2525 1299 2585; x_wconf 86' lang='lat' dir='ltr'>seribere</span> 
     </span>
     <span class='ocr_line' id='line_1_22' title="bbox 172 2622 1301 2716; baseline 0.003 -26"><span class='ocrx_word' id='word_1_226' title='bbox 172 2632 290 2690; x_wconf 86' lang='lat' dir='ltr'>videtur</span> <span class='ocrx_word' id='word_1_227' title='bbox 304 2631 443 2693; x_wconf 81' lang='lat' dir='ltr'>voluisse.</span> <span class='ocrx_word' id='word_1_228' title='bbox 460 2666 502 2674; x_wconf 94' lang='lat'>—-</span> <span class='ocrx_word' id='word_1_229' title='bbox 527 2629 605 2705; x_wconf 77' lang='lat'>67‚1</span> <span class='ocrx_word' id='word_1_230' title='bbox 631 2626 672 2689; x_wconf 84' lang='grc' dir='ltr'><strong><em>τὰ</em></strong></span> <span class='ocrx_word' id='word_1_231' title='bbox 695 2622 732 2689; x_wconf 79' lang='grc' dir='ltr'>δὲ</span> <span class='ocrx_word' id='word_1_232' title='bbox 753 2625 864 2690; x_wconf 85' lang='grc' dir='ltr'><strong><em>πολλὰ</em></strong></span> <span class='ocrx_word' id='word_1_233' title='bbox 886 2626 971 2711; x_wconf 86' lang='grc' dir='ltr'><strong><em>πρὸς</em></strong></span> <span class='ocrx_word' id='word_1_234' title='bbox 993 2627 1053 2703; x_wconf 82' lang='grc' dir='ltr'><strong><em>τὰς</em></strong></span> <span class='ocrx_word' id='word_1_235' title='bbox 1075 2624 1301 2716; x_wconf 79' lang='grc' dir='ltr'><strong><em>ἐπιχειρήσεις</em></strong></span> 
     </span>
     <span class='ocr_line' id='line_1_23' title="bbox 172 2729 1301 2822; baseline 0.002 -24"><span class='ocrx_word' id='word_1_236' title='bbox 172 2734 192 2821; x_wconf 77' lang='grc' dir='ltr'><em>ἡ</em></span> <span class='ocrx_word' id='word_1_237' title='bbox 218 2729 354 2822; x_wconf 79' lang='grc' dir='ltr'><strong><em>μεγίστη</em></strong></span> <span class='ocrx_word' id='word_1_238' title='bbox 383 2730 479 2809; x_wconf 79' lang='grc' dir='ltr'><strong><em>ἐλπίς</em></strong></span> <span class='ocrx_word' id='word_1_239' title='bbox 505 2738 543 2812; x_wconf 90' lang='grc' dir='ltr'>Β,</span> <span class='ocrx_word' id='word_1_240' title='bbox 576 2756 632 2796; x_wconf 91' lang='lat' dir='ltr'>om.</span> <span class='ocrx_word' id='word_1_241' title='bbox 660 2742 729 2796; x_wconf 81' lang='lat' dir='ltr'>cett.</span> <span class='ocrx_word' id='word_1_242' title='bbox 774 2738 898 2797; x_wconf 83' lang='lat' dir='ltr'>Libmnii</span> <span class='ocrx_word' id='word_1_243' title='bbox 931 2739 1015 2798; x_wconf 81' lang='lat' dir='ltr'><strong>codd.</strong></span> <span class='ocrx_word' id='word_1_244' title='bbox 1038 2743 1107 2798; x_wconf 78' lang='lat' dir='ltr'>cett.</span> <span class='ocrx_word' id='word_1_245' title='bbox 1130 2740 1168 2798; x_wconf 84' lang='lat' dir='ltr'>ab</span> <span class='ocrx_word' id='word_1_246' title='bbox 1198 2731 1301 2813; x_wconf 75' lang='grc' dir='ltr'><strong><em>ε’λπὶς</em></strong></span> 
     </span>
     <span class='ocr_line' id='line_1_24' title="bbox 171 2837 1298 2922; baseline 0.004 -20"><span class='ocrx_word' id='word_1_247' title='bbox 171 2845 269 2921; x_wconf 85' lang='lat' dir='ltr'>priore</span> <span class='ocrx_word' id='word_1_248' title='bbox 296 2846 334 2904; x_wconf 83' lang='lat' dir='ltr'>ad</span> <span class='ocrx_word' id='word_1_249' title='bbox 362 2837 458 2917; x_wconf 78' lang='grc' dir='ltr'><strong><em>ἐλπὶς</em></strong></span> <span class='ocrx_word' id='word_1_250' title='bbox 484 2844 562 2922; x_wconf 88' lang='lat' dir='ltr'>quod</span> <span class='ocrx_word' id='word_1_251' title='bbox 590 2862 650 2921; x_wconf 89' lang='lat' dir='ltr'>seq.</span> <span class='ocrx_word' id='word_1_252' title='bbox 678 2846 895 2904; x_wconf 82' lang='lat' dir='ltr'>aberravemnt.</span> <span class='ocrx_word' id='word_1_253' title='bbox 940 2845 1052 2905; x_wconf 81' lang='lat' dir='ltr'>Eodem</span> <span class='ocrx_word' id='word_1_254' title='bbox 1083 2846 1170 2906; x_wconf 85' lang='lat' dir='ltr'>modo</span> <span class='ocrx_word' id='word_1_255' title='bbox 1203 2846 1298 2906; x_wconf 86' lang='lat' dir='ltr'>etiam</span> 
     </span>
     <span class='ocr_line' id='line_1_25' title="bbox 173 2946 1298 3028; baseline 0.004 -18"><span class='ocrx_word' id='word_1_256' title='bbox 173 2951 260 3026; x_wconf 84' lang='lat' dir='ltr'>VIII,</span> <span class='ocrx_word' id='word_1_257' title='bbox 278 2953 359 3027; x_wconf 80' lang='lat'>22,2</span> <span class='ocrx_word' id='word_1_258' title='bbox 383 2955 457 3011; x_wconf 87' lang='lat' dir='ltr'>extr.</span> <span class='ocrx_word' id='word_1_259' title='bbox 481 2952 586 3011; x_wconf 89' lang='lat' dir='ltr'>vitium</span> <span class='ocrx_word' id='word_1_260' title='bbox 614 2951 698 3011; x_wconf 81' lang='lat' dir='ltr'><strong>codd.</strong></span> <span class='ocrx_word' id='word_1_261' title='bbox 722 2956 789 3012; x_wconf 86' lang='grc' dir='ltr'><strong><em>οελλ.</em></strong></span> <span class='ocrx_word' id='word_1_262' title='bbox 812 2956 910 3011; x_wconf 90' lang='lat' dir='ltr'>ortum</span> <span class='ocrx_word' id='word_1_263' title='bbox 937 2957 996 3028; x_wconf 86' lang='lat' dir='ltr'>est,</span> <span class='ocrx_word' id='word_1_264' title='bbox 1028 2953 1080 3012; x_wconf 91' lang='lat' dir='ltr'>ubi</span> <span class='ocrx_word' id='word_1_265' title='bbox 1107 2946 1166 3013; x_wconf 82' lang='grc' dir='ltr'>καὶ</span> <span class='ocrx_word' id='word_1_266' title='bbox 1189 2972 1298 3014; x_wconf 75' lang='grc' dir='ltr'><strong><em>κατα·</em></strong></span> 
     </span>
     <span class='ocr_line' id='line_1_26' title="bbox 172 3049 1298 3142; baseline 0.004 -24"><span class='ocrx_word' id='word_1_267' title='bbox 172 3049 341 3119; x_wconf 89' lang='grc' dir='ltr'><strong><em>λείπονται</em></strong></span> <span class='ocrx_word' id='word_1_268' title='bbox 366 3051 519 3142; x_wconf 81' lang='grc' dir='ltr'><strong><em>τέσσαρες</em></strong></span> <span class='ocrx_word' id='word_1_269' title='bbox 540 3066 611 3142; x_wconf 71' lang='grc' dir='ltr'><strong><em>νῆες</em></strong></span> <span class='ocrx_word' id='word_1_270' title='bbox 633 3053 667 3120; x_wconf 79' lang='grc' dir='ltr'>ἐν</span> <span class='ocrx_word' id='word_1_271' title='bbox 689 3051 858 3142; x_wconf 77' lang='grc' dir='ltr'><strong><em>αύτῇ·καὶ</em></strong></span> <span class='ocrx_word' id='word_1_272' title='bbox 881 3049 982 3132; x_wconf 72' lang='grc' dir='ltr'><strong><em>αὖθις</em></strong></span> <span class='ocrx_word' id='word_1_273' title='bbox 997 3050 1032 3119; x_wconf 81' lang='grc' dir='ltr'>αἱ</span> <span class='ocrx_word' id='word_1_274' title='bbox 1048 3053 1168 3120; x_wconf 78' lang='grc' dir='ltr'><strong><em>λοιπαί</em></strong></span> <span class='ocrx_word' id='word_1_275' title='bbox 1184 3061 1298 3122; x_wconf 84' lang='grc' dir='ltr'><strong><em>Μυτι-</em></strong></span> 
     </span>
     <span class='ocr_line' id='line_1_27' title="bbox 172 3157 1297 3251; baseline 0.003 -26"><span class='ocrx_word' id='word_1_276' title='bbox 172 3160 268 3249; x_wconf 82' lang='grc' dir='ltr'><strong><em>λήνην</em></strong></span> <span class='ocrx_word' id='word_1_277' title='bbox 290 3159 469 3249; x_wconf 78' lang='grc' dir='ltr'><strong><em>ἀφιστᾶσιν</em></strong></span> <span class='ocrx_word' id='word_1_278' title='bbox 487 3168 525 3242; x_wconf 96' lang='grc' dir='ltr'>Β,</span> <span class='ocrx_word' id='word_1_279' title='bbox 549 3186 604 3226; x_wconf 87' lang='lat' dir='ltr'>om.</span> <span class='ocrx_word' id='word_1_280' title='bbox 624 3171 693 3227; x_wconf 83' lang='lat' dir='ltr'>cett.</span> <span class='ocrx_word' id='word_1_281' title='bbox 710 3200 753 3210; x_wconf 88' lang='lat'>—-</span> <span class='ocrx_word' id='word_1_282' title='bbox 774 3168 856 3242; x_wconf 84' lang='grc'>67,2</span> <span class='ocrx_word' id='word_1_283' title='bbox 881 3157 1017 3226; x_wconf 72' lang='grc' dir='ltr'><strong><em>ἕκαστον</em></strong></span> <span class='ocrx_word' id='word_1_284' title='bbox 1039 3172 1108 3227; x_wconf 84' lang='lat' dir='ltr'>cett</span> <span class='ocrx_word' id='word_1_285' title='bbox 1131 3163 1190 3251; x_wconf 76' lang='grc' dir='ltr'><strong><em>τὴν</em></strong></span> <span class='ocrx_word' id='word_1_286' title='bbox 1214 3158 1297 3229; x_wconf 76' lang='grc' dir='ltr'><strong><em>ἑκά-</em></strong></span> 
     </span>
     <span class='ocr_line' id='line_1_28' title="bbox 173 3267 1297 3357; baseline 0.004 -25"><span class='ocrx_word' id='word_1_287' title='bbox 173 3289 251 3357; x_wconf 82' lang='grc' dir='ltr'><strong><em>στην</em></strong></span> <span class='ocrx_word' id='word_1_288' title='bbox 277 3279 346 3334; x_wconf 82' lang='lat' dir='ltr'>cett.</span> <span class='ocrx_word' id='word_1_289' title='bbox 387 3275 510 3351; x_wconf 83' lang='lat' dir='ltr'>Propter</span> <span class='ocrx_word' id='word_1_290' title='bbox 532 3269 574 3332; x_wconf 85' lang='grc' dir='ltr'><strong><em>τὰ</em></strong></span> <span class='ocrx_word' id='word_1_291' title='bbox 596 3281 652 3357; x_wconf 79' lang='grc' dir='ltr'><strong><em>τῆς</em></strong></span> <span class='ocrx_word' id='word_1_292' title='bbox 675 3267 913 3356; x_wconf 80' lang='grc' dir='ltr'><strong><em>ἀντιμιμήσεως</em></strong></span> <span class='ocrx_word' id='word_1_293' title='bbox 935 3273 1036 3350; x_wconf 81' lang='lat' dir='ltr'>script.</span> <span class='ocrx_word' id='word_1_294' title='bbox 1051 3273 1119 3334; x_wconf 84' lang='lat' dir='ltr'>Vat.</span> <span class='ocrx_word' id='word_1_295' title='bbox 1142 3275 1297 3354; x_wconf 73' lang='lat' dir='ltr'>pmeier03</span> 
     </span>
     <span class='ocr_line' id='line_1_29' title="bbox 172 3372 1296 3465; baseline 0.003 -25"><span class='ocrx_word' id='word_1_296' title='bbox 172 3381 224 3440; x_wconf 86' lang='lat' dir='ltr'><strong>cfr.</strong></span> <span class='ocrx_word' id='word_1_297' title='bbox 240 3380 277 3439; x_wconf 90' lang='lat' dir='ltr'>H.</span> <span class='ocrx_word' id='word_1_298' title='bbox 293 3399 321 3456; x_wconf 86' lang='lat' dir='ltr'>p.</span> <span class='ocrx_word' id='word_1_299' title='bbox 334 3381 385 3439; x_wconf 81' lang='lat'>34.</span> <span class='ocrx_word' id='word_1_300' title='bbox 403 3415 443 3425; x_wconf 91' lang='lat'>-—</span> <span class='ocrx_word' id='word_1_301' title='bbox 463 3383 543 3456; x_wconf 89' lang='grc'>69,2</span> <span class='ocrx_word' id='word_1_302' title='bbox 567 3375 628 3465; x_wconf 71' lang='grc' dir='ltr'>ἤδη</span> <span class='ocrx_word' id='word_1_303' title='bbox 652 3381 690 3455; x_wconf 92' lang='grc' dir='ltr'>Β,</span> <span class='ocrx_word' id='word_1_304' title='bbox 715 3373 775 3462; x_wconf 70' lang='grc' dir='ltr'>ἤδη</span> <span class='ocrx_word' id='word_1_305' title='bbox 797 3372 934 3462; x_wconf 83' lang='grc' dir='ltr'><strong><em>ἦνοελλ.,</em></strong></span> <span class='ocrx_word' id='word_1_306' title='bbox 957 3380 1010 3440; x_wconf 87' lang='lat' dir='ltr'>cir.</span> <span class='ocrx_word' id='word_1_307' title='bbox 1025 3381 1063 3439; x_wconf 92' lang='lat' dir='ltr'>H.</span> <span class='ocrx_word' id='word_1_308' title='bbox 1079 3399 1107 3457; x_wconf 87' lang='lat' dir='ltr'>p.</span> <span class='ocrx_word' id='word_1_309' title='bbox 1119 3382 1171 3440; x_wconf 90' lang='grc'>34.</span> <span class='ocrx_word' id='word_1_310' title='bbox 1194 3382 1296 3444; x_wconf 87' lang='lat' dir='ltr'>Kueh.</span> 
     </span>
     <span class='ocr_line' id='line_1_30' title="bbox 171 3477 1298 3571; baseline 0.004 -26"><span class='ocrx_word' id='word_1_311' title='bbox 171 3487 229 3563; x_wconf 86' lang='lat' dir='ltr'>III,</span> <span class='ocrx_word' id='word_1_312' title='bbox 253 3487 349 3563; x_wconf 61' lang='lat' dir='ltr'>pli,</span> <span class='ocrx_word' id='word_1_313' title='bbox 371 3488 437 3546; x_wconf 85' lang='lat' dir='ltr'>adn.</span> <span class='ocrx_word' id='word_1_314' title='bbox 450 3491 477 3548; x_wconf 88' lang='lat'>1.</span> <span class='ocrx_word' id='word_1_315' title='bbox 498 3524 539 3532; x_wconf 90' lang='lat'>-·</span> <span class='ocrx_word' id='word_1_316' title='bbox 565 3489 645 3563; x_wconf 87' lang='grc'>69,2</span> <span class='ocrx_word' id='word_1_317' title='bbox 669 3478 758 3558; x_wconf 82' lang='grc' dir='ltr'><strong><em>ύντες</em></strong></span> <span class='ocrx_word' id='word_1_318' title='bbox 780 3487 819 3565; x_wconf 87' lang='grc' dir='ltr'>Β,</span> <span class='ocrx_word' id='word_1_319' title='bbox 842 3477 933 3559; x_wconf 79' lang='grc' dir='ltr'><strong><em>ύντος</em></strong></span> <span class='ocrx_word' id='word_1_320' title='bbox 955 3492 1037 3562; x_wconf 82' lang='lat' dir='ltr'>cett,</span> <span class='ocrx_word' id='word_1_321' title='bbox 1060 3488 1114 3547; x_wconf 90' lang='lat' dir='ltr'>sed</span> <span class='ocrx_word' id='word_1_322' title='bbox 1136 3483 1155 3548; x_wconf 83' lang='grc' dir='ltr'><strong>ὁ</strong></span> <span class='ocrx_word' id='word_1_323' title='bbox 1178 3485 1298 3571; x_wconf 85' lang='grc' dir='ltr'><strong><em>καιρὸς</em></strong></span> 
     </span>
     <span class='ocr_line' id='line_1_31' title="bbox 173 3584 1295 3679; baseline 0.001 -25"><span class='ocrx_word' id='word_1_324' title='bbox 173 3585 206 3654; x_wconf 76' lang='grc' dir='ltr'>ἐν</span> <span class='ocrx_word' id='word_1_325' title='bbox 228 3600 274 3674; x_wconf 79' lang='grc' dir='ltr'><strong><em>τῷ</em></strong></span> <span class='ocrx_word' id='word_1_326' title='bbox 297 3589 433 3675; x_wconf 81' lang='grc' dir='ltr'><strong><em>τοιούτῳ</em></strong></span> <span class='ocrx_word' id='word_1_327' title='bbox 456 3587 516 3679; x_wconf 70' lang='grc' dir='ltr'>ἤδη</span> <span class='ocrx_word' id='word_1_328' title='bbox 540 3584 628 3654; x_wconf 81' lang='grc' dir='ltr'><strong><em>ἐστίν</em></strong></span> <span class='ocrx_word' id='word_1_329' title='bbox 650 3612 709 3652; x_wconf 91' lang='lat' dir='ltr'>nun</span> <span class='ocrx_word' id='word_1_330' title='bbox 731 3594 805 3652; x_wconf 90' lang='lat' dir='ltr'>bene</span> <span class='ocrx_word' id='word_1_331' title='bbox 828 3592 950 3670; x_wconf 62' lang='lat' dir='ltr'>diuitum</span> <span class='ocrx_word' id='word_1_332' title='bbox 974 3593 1026 3653; x_wconf 80' lang='lat' dir='ltr'>eir.</span> <span class='ocrx_word' id='word_1_333' title='bbox 1049 3593 1087 3652; x_wconf 91' lang='lat' dir='ltr'>H.</span> <span class='ocrx_word' id='word_1_334' title='bbox 1103 3613 1131 3670; x_wconf 89' lang='lat' dir='ltr'>p.</span> <span class='ocrx_word' id='word_1_335' title='bbox 1148 3595 1199 3653; x_wconf 82' lang='lat'>34.</span> <span class='ocrx_word' id='word_1_336' title='bbox 1224 3595 1295 3655; x_wconf 85' lang='lat' dir='ltr'>adn.</span> 
     </span>
     <span class='ocr_line' id='line_1_32' title="bbox 172 3692 1294 3786; baseline 0.002 -26"><span class='ocrx_word' id='word_1_337' title='bbox 172 3702 205 3761; x_wconf 92' lang='lat' dir='ltr'>P.</span> <span class='ocrx_word' id='word_1_338' title='bbox 221 3701 263 3760; x_wconf 87' lang='lat' dir='ltr'>St.</span> <span class='ocrx_word' id='word_1_339' title='bbox 288 3735 329 3744; x_wconf 93' lang='grc'>-</span> <span class='ocrx_word' id='word_1_340' title='bbox 360 3702 441 3777; x_wconf 86' lang='grc'>69,4</span> <span class='ocrx_word' id='word_1_341' title='bbox 471 3695 664 3786; x_wconf 74' lang='grc' dir='ltr'><strong><em>Εὐθύδημος</em></strong></span> <span class='ocrx_word' id='word_1_342' title='bbox 691 3700 730 3775; x_wconf 87' lang='grc' dir='ltr'>Β,</span> <span class='ocrx_word' id='word_1_343' title='bbox 761 3692 909 3784; x_wconf 82' lang='grc' dir='ltr'><strong><em>Εύάημος</em></strong></span> <span class='ocrx_word' id='word_1_344' title='bbox 936 3703 1017 3774; x_wconf 69' lang='grc' dir='ltr'><strong><em>οελλ,</em></strong></span> <span class='ocrx_word' id='word_1_345' title='bbox 1041 3701 1093 3759; x_wconf 82' lang='lat' dir='ltr'><strong>cfr.</strong></span> <span class='ocrx_word' id='word_1_346' title='bbox 1112 3701 1180 3760; x_wconf 86' lang='lat' dir='ltr'>adn.</span> <span class='ocrx_word' id='word_1_347' title='bbox 1203 3701 1239 3760; x_wconf 92' lang='lat' dir='ltr'>P.</span> <span class='ocrx_word' id='word_1_348' title='bbox 1250 3701 1294 3762; x_wconf 83' lang='lat' dir='ltr'>st.</span> 
     </span>
     <span class='ocr_line' id='line_1_33' title="bbox 173 3799 1294 3890; baseline 0 -22"><span class='ocrx_word' id='word_1_349' title='bbox 173 3843 215 3851; x_wconf 91' lang='lat'>-—</span> <span class='ocrx_word' id='word_1_350' title='bbox 247 3809 326 3883; x_wconf 83' lang='lat'>70,8</span> <span class='ocrx_word' id='word_1_351' title='bbox 359 3803 581 3890; x_wconf 80' lang='grc' dir='ltr'><strong><em>ὑποχωροῦσιν</em></strong></span> <span class='ocrx_word' id='word_1_352' title='bbox 613 3809 651 3883; x_wconf 93' lang='grc' dir='ltr'>Β,</span> <span class='ocrx_word' id='word_1_353' title='bbox 684 3799 909 3890; x_wconf 79' lang='grc' dir='ltr'><strong><em>ἀποχωροῦσιν</em></strong></span> <span class='ocrx_word' id='word_1_354' title='bbox 940 3812 1007 3867; x_wconf 85' lang='lat' dir='ltr'>cett</span> <span class='ocrx_word' id='word_1_355' title='bbox 1040 3810 1070 3866; x_wconf 89' lang='lat' dir='ltr'>et</span> <span class='ocrx_word' id='word_1_356' title='bbox 1102 3807 1188 3867; x_wconf 90' lang='lat' dir='ltr'>Dion.</span> <span class='ocrx_word' id='word_1_357' title='bbox 1214 3809 1294 3883; x_wconf 79' lang='lat' dir='ltr'>Hal,</span> 
     </span>
     <span class='ocr_line' id='line_1_34' title="bbox 173 3906 1293 3993; baseline 0 -18"><span class='ocrx_word' id='word_1_358' title='bbox 173 3916 225 3976; x_wconf 90' lang='lat' dir='ltr'>sed</span> <span class='ocrx_word' id='word_1_359' title='bbox 257 3914 310 3974; x_wconf 82' lang='lat' dir='ltr'>eir.</span> <span class='ocrx_word' id='word_1_360' title='bbox 339 3915 406 3975; x_wconf 83' lang='lat' dir='ltr'>adn.</span> <span class='ocrx_word' id='word_1_361' title='bbox 426 3915 459 3974; x_wconf 88' lang='lat' dir='ltr'>P.</span> <span class='ocrx_word' id='word_1_362' title='bbox 471 3913 512 3974; x_wconf 85' lang='lat' dir='ltr'>St.</span> <span class='ocrx_word' id='word_1_363' title='bbox 550 3916 587 3975; x_wconf 89' lang='lat' dir='ltr'>H.</span> <span class='ocrx_word' id='word_1_364' title='bbox 615 3934 644 3992; x_wconf 86' lang='lat' dir='ltr'>p.</span> <span class='ocrx_word' id='word_1_365' title='bbox 656 3918 706 3975; x_wconf 81' lang='lat'>35.</span> <span class='ocrx_word' id='word_1_366' title='bbox 736 3950 777 3958; x_wconf 91' lang='lat'>-</span> <span class='ocrx_word' id='word_1_367' title='bbox 812 3916 892 3989; x_wconf 84' lang='grc'>72,2</span> <span class='ocrx_word' id='word_1_368' title='bbox 926 3906 1094 3992; x_wconf 78' lang='grc' dir='ltr'><strong><em>ἐβούλοντο</em></strong></span> <span class='ocrx_word' id='word_1_369' title='bbox 1122 3913 1162 3989; x_wconf 93' lang='grc' dir='ltr'>Β,</span> <span class='ocrx_word' id='word_1_370' title='bbox 1196 3908 1293 3993; x_wconf 77' lang='grc' dir='ltr'><strong><em>ἐβου-</em></strong></span> 
     </span>
     <span class='ocr_line' id='line_1_35' title="bbox 172 4015 1293 4102; baseline -0.001 -20"><span class='ocrx_word' id='word_1_371' title='bbox 172 4018 300 4084; x_wconf 87' lang='grc' dir='ltr'><strong><em>λεύοντο</em></strong></span> <span class='ocrx_word' id='word_1_372' title='bbox 332 4025 400 4082; x_wconf 77' lang='lat' dir='ltr'>cett</span> <span class='ocrx_word' id='word_1_373' title='bbox 455 4022 514 4082; x_wconf 85' lang='lat' dir='ltr'>Sed</span> <span class='ocrx_word' id='word_1_374' title='bbox 546 4015 750 4102; x_wconf 76' lang='grc' dir='ltr'><strong><em>ἐβουλεύοντο</em></strong></span> <span class='ocrx_word' id='word_1_375' title='bbox 777 4022 819 4081; x_wconf 82' lang='lat' dir='ltr'>ita</span> <span class='ocrx_word' id='word_1_376' title='bbox 850 4022 970 4081; x_wconf 89' lang='lat' dir='ltr'>demum</span> <span class='ocrx_word' id='word_1_377' title='bbox 999 4020 1036 4080; x_wconf 89' lang='lat' dir='ltr'>de</span> <span class='ocrx_word' id='word_1_378' title='bbox 1063 4021 1293 4082; x_wconf 82' lang='lat' dir='ltr'>Atheniensium</span> 
     </span>
     <span class='ocr_line' id='line_1_36' title="bbox 172 4126 1292 4208; baseline -0.001 -17"><span class='ocrx_word' id='word_1_379' title='bbox 172 4132 316 4191; x_wconf 89' lang='lat' dir='ltr'>militibus</span> <span class='ocrx_word' id='word_1_380' title='bbox 347 4134 427 4190; x_wconf 86' lang='lat' dir='ltr'>reete</span> <span class='ocrx_word' id='word_1_381' title='bbox 454 4131 614 4208; x_wconf 81' lang='lat' dir='ltr'>diceretur,</span> <span class='ocrx_word' id='word_1_382' title='bbox 647 4131 672 4190; x_wconf 89' lang='lat' dir='ltr'>si</span> <span class='ocrx_word' id='word_1_383' title='bbox 700 4149 759 4189; x_wconf 85' lang='lat' dir='ltr'>una</span> <span class='ocrx_word' id='word_1_384' title='bbox 785 4147 852 4188; x_wconf 85' lang='lat' dir='ltr'>eum</span> <span class='ocrx_word' id='word_1_385' title='bbox 880 4129 1005 4189; x_wconf 82' lang='lat' dir='ltr'>ducibus</span> <span class='ocrx_word' id='word_1_386' title='bbox 1029 4126 1292 4208; x_wconf 77' lang='lat' dir='ltr'>deliberavissent3</span> 
     </span>
     <span class='ocr_line' id='line_1_37' title="bbox 173 4234 1292 4316; baseline -0.002 -17"><span class='ocrx_word' id='word_1_387' title='bbox 173 4240 226 4299; x_wconf 85' lang='lat' dir='ltr'>sed</span> <span class='ocrx_word' id='word_1_388' title='bbox 254 4240 345 4300; x_wconf 81' lang='lat' dir='ltr'>duces</span> <span class='ocrx_word' id='word_1_389' title='bbox 373 4238 512 4298; x_wconf 81' lang='lat' dir='ltr'>statuisse</span> <span class='ocrx_word' id='word_1_390' title='bbox 539 4239 627 4316; x_wconf 84' lang='lat' dir='ltr'>plane</span> <span class='ocrx_word' id='word_1_391' title='bbox 653 4239 711 4297; x_wconf 83' lang='lat' dir='ltr'>alio</span> <span class='ocrx_word' id='word_1_392' title='bbox 739 4237 824 4296; x_wconf 84' lang='lat' dir='ltr'>modu</span> <span class='ocrx_word' id='word_1_393' title='bbox 851 4256 885 4295; x_wconf 87' lang='lat' dir='ltr'>ao</span> <span class='ocrx_word' id='word_1_394' title='bbox 912 4234 1023 4293; x_wconf 85' lang='lat' dir='ltr'>milites</span> <span class='ocrx_word' id='word_1_395' title='bbox 1050 4234 1138 4294; x_wconf 83' lang='lat' dir='ltr'>docet</span> <span class='ocrx_word' id='word_1_396' title='bbox 1160 4234 1217 4313; x_wconf 77' lang='lat'>§3</span> <span class='ocrx_word' id='word_1_397' title='bbox 1242 4238 1292 4316; x_wconf 86' lang='lat' dir='ltr'>(de</span> 
     </span>
     <span class='ocr_line' id='line_1_38' title="bbox 173 4340 1290 4426; baseline -0.003 -20"><span class='ocrx_word' id='word_1_398' title='bbox 173 4348 288 4426; x_wconf 84' lang='lat' dir='ltr'>imperf.</span> <span class='ocrx_word' id='word_1_399' title='bbox 305 4340 507 4426; x_wconf 78' lang='grc' dir='ltr'><strong><em>ἐβουλεύοντο</em></strong></span> <span class='ocrx_word' id='word_1_400' title='bbox 523 4347 541 4407; x_wconf 90' lang='lat' dir='ltr'>i.</span> <span class='ocrx_word' id='word_1_401' title='bbox 552 4365 576 4406; x_wconf 91' lang='lat' dir='ltr'>e.</span> <span class='ocrx_word' id='word_1_402' title='bbox 593 4347 636 4406; x_wconf 87' lang='lat' dir='ltr'>sie</span> <span class='ocrx_word' id='word_1_403' title='bbox 652 4346 782 4404; x_wconf 88' lang='lat' dir='ltr'>berieten</span> <span class='ocrx_word' id='word_1_404' title='bbox 798 4344 862 4403; x_wconf 85' lang='lat' dir='ltr'>sich</span> <span class='ocrx_word' id='word_1_405' title='bbox 882 4344 933 4402; x_wconf 81' lang='lat' dir='ltr'><strong>cfr.</strong></span> <span class='ocrx_word' id='word_1_406' title='bbox 950 4341 1015 4399; x_wconf 86' lang='lat' dir='ltr'>adn.</span> <span class='ocrx_word' id='word_1_407' title='bbox 1033 4340 1077 4400; x_wconf 77' lang='lat' dir='ltr'>el.</span> <span class='ocrx_word' id='word_1_408' title='bbox 1089 4341 1131 4401; x_wconf 82' lang='lat' dir='ltr'>st.</span> <span class='ocrx_word' id='word_1_409' title='bbox 1148 4342 1290 4424; x_wconf 84' lang='lat' dir='ltr'>l,85,1).</span> 
     </span>
    </p>
   </div>
   <div class='ocr_carea' id='block_1_3' title="bbox 0 0 1414 4852">
    <p class='ocr_par' dir='ltr' id='par_1_3' title="bbox 0 0 1414 4852">
     <span class='ocr_line' id='line_1_39' title="bbox 0 0 1414 4852; baseline 0 0"><span class='ocrx_word' id='word_1_410' title='bbox 0 0 1414 4852; x_wconf 95' lang='lat' dir='ltr'> </span> 
     </span>
    </p>
   </div>
  </div>
 </body>
</html>
