2820 4852
525 785 795 927 Praefatio.

198 1155 401 1263 Quamquam
421 1185 551 1246 codicem
568 1185 662 1246 Vatic.
681 1187 743 1246 126
760 1185 939 1266 Thucydid,
956 1187 1055 1264 quiin
1071 1188 1219 1264 prioribus

100 1293 288 1353 historiarum
320 1293 404 1352 libris
436 1311 504 1352 cum
536 1293 620 1352 codd.
648 1294 768 1368 ceteris,
800 1293 945 1370 imprimis
973 1295 1013 1370 A,
1046 1293 1220 1370 saepissime

99 1401 247 1460 consentit
262 1400 324 1478 (cfr.
335 1400 540 1459 Wilamowitz.
557 1419 618 1460 cur.
635 1399 739 1476 Thuc.‚
756 1401 816 1458 ind.
831 1400 899 1460 lect.
917 1399 1016 1476 Gottg.
1030 1402 1123 1475 1885,
1139 1419 1167 1476 p.
1179 1403 1219 1479 5),

98 1507 169 1566 inde
200 1507 236 1566 ab
259 1505 367 1581 v1,92
400 1507 601 1567 recensionem
630 1507 718 1583 plane
748 1507 952 1567 abhorrentem
980 1507 1121 1566 exhibere
1148 1507 1220 1566 satis

98 1618 203 1672 notum
219 1617 265 1673 est
280 1613 342 1691 (cfr.
358 1613 451 1672 Hudii
473 1614 518 1673 ed.
530 1613 554 1689 I,
573 1615 666 1685 1898,
682 1633 710 1691 p.
725 1613 813 1691 VIH;
837 1613 876 1688 Π,
895 1614 993 1690 1901,
1009 1632 1037 1691 p.
1048 1612 1100 1691 V),
1120 1618 1219 1673 tamen

99 1721 231 1779 omnium
258 1720 389 1779 virorum
417 1720 583 1794 doctorum,
610 1720 661 1798 qui
685 1721 717 1779 in
744 1719 826 1780 codd.
849 1719 982 1796 Thucyd.
1005 1720 1220 1796 investigandis

98 1827 209 1888 versati
238 1833 320 1902 sunt,
349 1832 474 1904 excepto
497 1827 725 1887 Wiiamowitzio
747 1828 766 1886 l.
782 1846 807 1887 c.
830 1827 993 1903 neminem,
1021 1846 1079 1906 qua
1106 1828 1218 1888 ratione

97 1937 173 1994 haec
196 1935 277 1995 codd.
301 1933 414 1994 familia
436 1938 465 2012 (a
480 1933 546 1993 Vat.
569 1934 641 1994 inde
662 1935 699 1994 ab
723 1934 827 2009 Vnda
853 1932 996 2012 praebita)
1021 1939 1052 1994 et
1074 1934 1126 1994 illa
1141 1939 1218 1994 cete-

98 2060 199 2100 rorum
231 2041 314 2100 codd.
338 2040 414 2100 inter
446 2058 478 2100 se
505 2045 672 2116 uterentur,
704 2039 878 2117 diligentius
905 2044 1124 2118 perscrutatum
1151 2059 1218 2101 esse

98 2149 187 2207 valde
209 2148 306 2207 miror.

188 2254 282 2328 Quam
308 2254 466 2332 rationem,
494 2272 563 2313 cum
586 2253 659 2312 mihi
681 2253 719 2313 ad
742 2254 831 2314 verba
854 2253 987 2330 Thucyd.
1011 2255 1217 2314 constituenda

98 2362 274 2438 gravissima
305 2361 468 2436 videretur,
501 2360 557 2420 hoc
589 2360 734 2437 opusculo
762 2360 917 2437 explorare
944 2379 1034 2420 ausus
1061 2379 1135 2420 sum.
1181 2361 1217 2420 Ei

99 2473 211 2543 autem,
238 2469 302 2547 qui,
331 2472 442 2546 quanta
465 2468 612 2544 sagacitas
635 2467 849 2544 diligentiaque
871 2468 909 2549 ab
932 2467 1101 2526 hominibus
1123 2468 1217 2527 doctis

100 2575 255 2653 (imprimis
278 2575 427 2636 Stahlium
443 2579 472 2634 et
486 2575 620 2634 Hudium
636 2571 712 2654 dico)
735 2575 767 2633 in
782 2573 953 2634 recensione
969 2578 999 2633 et
1012 2573 1217 2634 emendatione

99 2683 189 2742 Thuc.
222 2683 410 2742 historiarum
441 2681 588 2742 adhibitae
616 2682 690 2757 sint,
722 2680 904 2758 cognoverit,
937 2680 1041 2740 multis
1067 2680 1142 2741 locis
1169 2699 1217 2741 me

96 2809 206 2849 novum
230 2789 382 2849 arbitrium
405 2789 475 2848 dare
497 2807 557 2849 non
580 2807 680 2866 posse,
704 2788 859 2849 offensioni
881 2806 941 2848 non
963 2787 1027 2848 erit.

187 2913 274 2974 Notis
297 2931 370 2973 usus
394 2931 461 2974 sum
482 2912 545 2973 his:

151 3035 217 3104 Egg.
349 3058 382 3078 =
401 3033 518 3088 Joannes
530 3033 642 3102 liggerh
654 3033 695 3086 De
707 3031 794 3086 Vatic.
807 3033 863 3087 cod.
876 3031 957 3087 Thac.
970 3032 1132 3100 anctoritate,
1152 3032 1215 3086 diss.

435 3121 525 3175 Berol.
546 3119 623 3175 1882.

153 3212 188 3263 Η.
350 3236 383 3254 =
403 3209 515 3267 Carolus
532 3208 624 3276 Euda,
648 3208 794 3264 Conrment.
813 3209 870 3263 crit.
889 3211 930 3266 ad.
949 3209 1031 3270 Theo,
1051 3212 1130 3279 pert,
1152 3210 1215 3263 diss.

437 3299 526 3353 Haun.
547 3297 624 3354 1888.

154 3387 240 3440 Kueh.
352 3412 385 3432 =
404 3386 539 3455 Kuehner‚
549 3387 688 3442 Austiihrl.
695 3387 865 3443 Grammder
874 3388 1102 3458 griechsprache,
1113 3389 1137 3441 3.
1145 3388 1214 3440 Aufl.

435 3475 450 3530 I
463 3493 489 3530 u.
499 3475 528 3530 11
539 3477 594 3530 bes.
604 3493 657 3532 von
666 3477 757 3545 Blass,
775 3477 818 3531 ΠΙ
827 3495 846 3531 u
863 3478 904 3532 IV
916 3493 969 3531 ron
979 3477 1069 3530 Gerth.
1081 3476 1151 3530 1890
1160 3492 1214 3545 seq.

150 3566 187 3620 M.
351 3590 384 3610 =
404 3565 592 3634 MeisterhanS‚
612 3566 729 3621 Gramm.
743 3568 789 3621 der
807 3568 854 3622 att.
867 3565 970 3620 Insohr.
990 3566 1030 3619 ed.
1049 3564 1099 3619 III.
1119 3565 1196 3620 1900.

150 3657 210 3710 adn.
224 3655 261 3710 01.
274 3655 333 3724 (St.)
351 3681 384 3700 =
402 3656 536 3710 adnotatio
555 3654 673 3711 Classen.
701 3655 815 3725 (Steup.)

150 3745 209 3798 adn.
228 3745 258 3798 P.
274 3744 312 3798 st.
350 3771 383 3788 =
403 3745 535 3800 adnotatio
553 3743 654 3814 Poppo.
667 3743 751 3798 Stahl.
