2820 4852
1188 309 1226 371 17

103 492 128 552 O
154 477 312 574 (Ἄνδριοι
334 483 392 550 καὶ
411 482 536 573 Τήνιοι)
550 487 630 550 Part.
655 481 711 549 καὶ
734 493 854 566 propter
876 490 960 566 prius
983 481 1040 549 καὶ
1060 490 1228 549 necessaria
1250 493 1317 550 VII.

103 603 162 664 est.
188 633 231 641 -
257 600 341 675 60,3
366 591 422 658 καὶ
445 616 501 658 om.
526 597 548 657 O
572 588 839 680 (ὑποκατέβησαν
861 589 938 677 καὶ).
981 597 1157 672 Asyndeton
1179 596 1229 655 hie

102 705 244 782 ineptum
267 705 393 767 videtur.
410 739 452 748 —
476 704 565 780 VIII,
582 706 662 779 66,2
687 696 744 763 καὶ
767 703 862 763 emt}
887 696 955 782 (καὶ
978 699 1079 786 δρῶν).
1115 703 1229 764 Causae

104 813 221 873 timoris
245 813 476 872 Atheniensibus
499 812 589 871 etiam
611 811 686 871 aliae
707 816 804 889 erant,
827 811 865 870 ad
887 829 961 889 quas
983 811 1042 872 iam
1064 810 1229 885 accedebat,

81 921 186 998 -qnod
223 938 363 996 magnum
399 937 466 980 esse
503 920 721 980 coniuratorum
757 936 916 978 numenrm
947 919 1228 978 animadvertebant.

105 1025 204 1100 Quare
236 1027 266 1085 ni
298 1027 386 1086 fallor
417 1045 476 1086 non
503 1026 605 1104 inepte
635 1027 710 1086 haee
737 1026 961 1102 distinguuntur
986 1025 1084 1085 verbis
1112 1020 1229 1097 δεδιὼς

104 1127 181 1194 καὶ
209 1129 292 1216 ὁρῶν
319 1129 405 1194 πολὺ
428 1130 466 1194 τδ
489 1127 692 1218 ξυνεστηκός,Ι
714 1134 767 1194 etr.
790 1134 828 1194 H.
848 1152 876 1210 p.
893 1135 944 1193 65.
968 1169 1009 1178 -
1033 1132 1122 1208 VHI,
1145 1134 1226 1209 85,3

105 1234 162 1301 καὶ
186 1259 242 1301 om.
267 1240 289 1300 O
314 1236 451 1320 (μᾶλλον
473 1234 531 1301 καὶ
553 1235 745 1326 κατηγόρει).
791 1242 870 1300 Part.
890 1233 946 1300 καὶ
969 1240 1019 1299 hio
1041 1240 1145 1300 deesse
1169 1258 1229 1299 non

104 1348 202 1411 debet.
227 1383 268 1390 —
291 1348 378 1424 VIII,
396 1350 477 1424 92,1
503 1342 560 1408 καὶ
583 1367 639 1409 om.
663 1348 685 1408 O
709 1341 778 1429 (καὶ
802 1341 955 1427 ἐσόδους),
984 1347 1063 1425 quod
1085 1347 1134 1406 hio
1156 1365 1228 1424 quo-

105 1473 164 1532 que
190 1456 294 1515 abesse
317 1456 439 1516 minime
462 1460 572 1533 potest;
600 1456 652 1515 ofr.
673 1456 711 1515 H.
727 1457 818 1532 pro.
843 1489 884 1498 -
909 1454 986 1528 VII,
1004 1456 1083 1531 58,1
1109 1449 1227 1536 ἡσυχα-

105 1555 224 1635 ζόντων
250 1581 307 1622 om.
330 1563 366 1638 G,
394 1582 453 1641 quo
482 1564 624 1623 vocabulo
651 1563 760 1622 omisso
783 1563 866 1621 nulla
888 1562 1007 1621 omnino
1030 1579 1119 1620 eausa
1141 1560 1228 1637 Agri-

104 1670 293 1744 gentinorum
316 1674 609 1730 commemoratorum
632 1674 703 1729 erat.
720 1703 764 1712 -
786 1669 822 1728 In
844 1668 907 1729 eod.
923 1668 1011 1728 Laur.
1028 1659 1064 1727 δὲ
1083 1668 1227 1727 omissum

104 1780 165 1834 est:
198 1776 270 1851 VII,
292 1779 377 1852 58,3
411 1769 448 1837 δὲ
479 1797 535 1837 om.
560 1777 582 1837 O
611 1771 838 1857 (νεοδαμώδεις
861 1768 917 1855 δὲ).
941 1776 1020 1834 Part.
1044 1769 1081 1835 δὲ
1107 1779 1228 1853 propter

104 1878 319 1967 Σπαρτιάτην
341 1884 494 1961 aptissime
513 1884 613 1944 addita
627 1889 681 1944 est.
698 1919 739 1926 —
758 1883 841 1958 VIII,
859 1884 940 1958 54,3
958 1875 994 1942 δὲ
1009 1901 1065 1942 om.
1082 1882 1104 1941 C
1121 1875 1226 1963 (ἀντέ-

104 1996 248 2072 πεμψαν
263 1983 323 2071 δὲ),
340 2009 398 2069 quo
413 1983 602 2073 παρέλυσαν
617 1981 681 2051 nri.
696 1992 819 2050 vocibus
834 1982 1051 2073 ἀπέπεμψαν
1066 1980 1130 2050 uri.
1147 1997 1227 2049 reete

102 2101 302 2174 opponuntur.
320 2133 360 2141 —
378 2098 468 2174 VIII,
486 2101 566 2176 89,3
591 2092 628 2158 δὲ
643 2098 738 2158 omd
763 2091 811 2179 (ἐκ
827 2090 863 2157 δὲ
878 2087 1116 2181 δημοκρατίας).
1151 2097 1227 2156 Cum

101 2211 191 2263 antea
223 2204 259 2263 de
291 2223 451 2282 paucorum
481 2207 680 2266 dominatione
711 2206 824 2265 dietum
856 2204 908 2278 sit,
940 2182 1000 2263 iam
1028 2204 1064 2264 de
1091 2204 1226 2280 populari

100 2311 228 2388 imperio
251 2306 288 2371 δὲ
310 2331 363 2372 suo
385 2313 449 2373 loeo
472 2318 526 2374 est.
547 2349 588 2357 —-
609 2313 697 2389 VIII,
715 2314 796 2390 91,3
821 2304 857 2371 δὲ
879 2311 975 2371 ome
1000 2304 1224 2393 (ἐξειργόμενοι

101 2412 152 2498 δὲ)
176 2420 228 2477 efr.
251 2420 290 2479 H.
306 2439 335 2496 p.
348 2423 396 2480 76.
420 2454 463 2464 —
486 2421 557 2499 VH,
574 2423 657 2496 58,4
680 2424 755 2480 extr.
779 2412 835 2479 καὶ
859 2414 911 2479 δτι
935 2412 968 2479 ἐν
989 2409 1131 2499 μεγίστῳ
1155 2437 1224 2477 κιν-

101 2519 190 2606 δύνῳ
214 2517 293 2608 ἦσαν
316 2545 371 2586 om.
396 2526 433 2602 G,
457 2547 531 2605 quae
554 2528 638 2586 nulio
661 2528 747 2586 modo
771 2528 876 2586 abesse
900 2529 1033 2602 possunt.
1080 2524 1140 2584 Gur
1162 2543 1225 2584 eor·

100 2638 221 2692 rectura
242 2633 340 2692 addita
363 2633 436 2710 sint,
459 2653 519 2694 non
541 2635 614 2695 satis
629 2635 828 2712 intellegitur3
852 2634 904 2694 etr.
920 2633 956 2694 H.
973 2651 1002 2710 p.
1014 2634 1064 2692 32.
1082 2666 1123 2675 —-
1142 2631 1222 2707 59,3

100 2735 141 2799 τδ
166 2734 271 2819 στόμα
294 2759 349 2802 om.
366 2741 403 2817 C,
426 2741 534 2818 quibus
550 2743 669 2803 omissis
684 2744 774 2802 verba
796 2732 907 2819 ἔχοντα
924 2734 1125 2820 -μάλιστα
1146 2740 1225 2798 diota

101 2849 140 2906 de
164 2851 251 2924 portu
274 2849 400 2908 absurda
415 2853 498 2925 sunt,
521 2851 572 2910 etr.
589 2851 626 2911 H.
642 2870 671 2928 p.
683 2853 733 2910 32.
750 2886 791 2894 —
811 2851 890 2928 61,1
918 2853 1115 2931 στρατιῶται
1131 2847 1223 2908 omo

101 2947 230 3036 (ἄνδρες
252 2956 470 3037 στρατιῶται).
503 2958 603 3016 Animi
619 2959 749 3017 militum
765 2957 1003 3031 Atheniensium,
1019 2955 1097 3033 quod
1113 2948 1225 3035 ἄνδρες

101 3065 304 3141 στρατιῶται
332 3063 473 3141 appellati
501 3071 584 3140 sunt,
611 3065 731 3140 gravius
759 3064 904 3122 debebant
931 3063 1108 3122 commoveri
1135 3081 1224 3139 quam

102 3186 177 3228 vooe
199 3169 278 3228 nuda
301 3162 428 3252 δίνδρεςς
449 3171 503 3230 cfr.
526 3190 551 3230 e.
569 3172 649 3246 60,5
674 3165 756 3252 δρῶν
778 3161 835 3228 καὶ
858 3164 932 3240 τοὺς
955 3163 1164 3249 στρατιώτας.
1181 3203 1223 3211 -

107 3275 188 3350 80,1
215 3272 418 3358 προσβολαῖς
445 3263 501 3337 om.
526 3277 563 3351 C,
595 3277 675 3356 quod
703 3277 807 3338 deesse
833 3276 915 3335 nullo
943 3274 1029 3334 modo
1051 3278 1157 3350 potest.
1182 3308 1222 3316 -

104 3379 198 3457 VIII,
222 3384 301 3460 18‚3
325 3379 364 3467 ἢν
387 3376 423 3444 δέ
441 3403 526 3457 τινες
548 3377 753 3467 ἀφιστῶνται
776 3376 847 3443 ἀπὸ
869 3374 1042 3462 βασιλέως,
1066 3373 1223 3459 πολέμιοι
1247 3392 1330 3448 vul.

100 3477 205 3547 ἔστων
227 3482 285 3549 καὶ
300 3482 581 3570 Λακεδαιμονίοις
596 3485 738 3565 καὶτοῖς
754 3484 930 3569 ξυμμάχοις
945 3507 1001 3549 om.
1021 3489 1053 3549 C.
1071 3489 1224 3548 Librarius

100 3596 138 3654 ab
158 3591 197 3678 ἢν
215 3597 314 3673 priore
333 3599 371 3657 ad
393 3590 450 3658 καὶ
469 3592 506 3682 ἢν
523 3618 608 3672 τινες
627 3618 703 3677 quae
719 3596 975 3676 seq.aberravit.1)
1009 3597 1121 3656 Eodem
1137 3596 1223 3655 modo

100 3701 174 3760 vitia
197 3703 285 3763 Laur.
309 3709 372 3765 orta
399 3710 471 3764 sunt
497 3707 584 3766 haee:
618 3709 698 3782 67,3
727 3700 859 3777 τούτους
886 3696 922 3764 δὲ
949 3695 1085 3764 ἑλέσθαι
1109 3695 1224 3762 ἑκατὸν

100 3801 222 3890 ἄνδρας
250 3830 305 3871 om.
329 3812 365 3891 03
402 3815 482 3881 75.2
507 3807 564 3873 καὶ
586 3809 642 3873 τὸν
664 3810 751 3895 πρὸς
772 3802 1057 3896 Πελοποννησίους
1079 3804 1224 3888 πόλεμον

98 3912 289 3998 προθύμως
321 3911 457 3980 διοίσειν
489 3939 544 3980 om.
568 3920 605 4000 ῦς
643 3922 744 3996 100,2
777 3915 851 3993 τοὺς
883 3910 1047 3990 ἐπίπλους
1077 3924 1117 4001 τῇ
1150 3909 1223 3998 Χίῳ

99 4019 330 4107 ποιησόμενος.
354 4024 423 4105 δίμα
446 4019 482 4087 δέ
505 4015 644 4111 (Ἔρεσος
666 4022 726 4108 μὰρ
749 4034 806 4110 της
828 4019 961 4105 Λέσβου
984 4045 1040 4086 om.
1056 4025 1094 4100 05
1120 4025 1221 4100 lona

196 4197 223 4265 1)
244 4199 302 4254 Iltsi
324 4201 408 4255 multa
431 4201 496 4256 vitia
518 4201 571 4255 iam
595 4201 725 4270 prioribus
747 4199 913 4268 temporibus
936 4201 964 4252 et
986 4215 1002 4252 a
1024 4197 1105 4251 variis
1129 4198 1223 4250 scribis

101 4287 232 4340 committi
246 4289 363 4357 potuisse
375 4305 428 4343 non
440 4291 543 4358 ignoro,
562 4293 650 4344 tamen
664 4288 808 4356 „librarius
820 4289 899 4344 Leur.
913 4287 1023 4353 addidit,
1043 4287 1142 4340 erravit
1155 4289 1222 4340 ete.“

103 4373 330 4446 breviloquentiae
348 4395 428 4433 eausa
445 4395 550 4447 semper
568 4380 632 4432 dixi,
1009 4447 1026 4500 2
