2820 4852
725 967 880 1060 Vita.

331 1292 426 1352 Natus
455 1309 522 1352 sum
544 1278 723 1352 Rudolfus
746 1291 895 1352 Richter
916 1291 948 1350 in
970 1291 1091 1368 oppido,
1114 1291 1163 1351 cui
1186 1310 1296 1352 nomeu
1319 1298 1366 1352 est

240 1399 443 1475 Halberstadt,
465 1399 532 1459 Kal.
548 1398 662 1476 Septbr.
681 1400 766 1458 1884
790 1402 873 1475 patre
891 1397 1006 1473 Oarolo,
1029 1403 1122 1458 matre
1137 1400 1226 1457 Anna
1241 1417 1258 1459 e
1273 1405 1365 1475 gente

241 1505 467 1582 Friedersdorff;
494 1510 607 1581 patrem
634 1504 708 1563 mihi
735 1509 920 1582 praematura
946 1509 1041 1564 morte
1063 1509 1199 1581 ereptum
1222 1523 1291 1565 esse
1313 1506 1364 1564 ad·

242 1613 302 1671 huc
333 1612 420 1673 valde
452 1612 546 1672 doleo.
597 1611 680 1671 Fidei
711 1611 848 1671 addictus
880 1629 947 1671 sum
979 1611 1175 1686 evangelicae.
1221 1612 1298 1672 Inde
1328 1615 1365 1672 ab

241 1724 385 1778 autumno
410 1720 495 1779 1893
519 1718 710 1796 gymnasium
733 1718 920 1795 frequentavi
942 1718 1081 1778 Haleuse.
1117 1720 1271 1778 Autumno
1294 1720 1365 1778 anni

244 1826 329 1886 1902
357 1824 537 1885 maturitatis
568 1825 738 1884 testimonio
770 1826 933 1885 instructus
955 1825 1048 1885 Halae
1081 1824 1187 1884 studiis
1219 1844 1267 1884 me
1296 1826 1364 1885 dedi

240 1931 441 2010 philologieis,
478 1949 547 1991 vere
578 1951 604 1991 a.
627 1933 712 1993 1903
741 1930 924 2008 Gottingam,
956 1932 1090 1991 eiusdem
1120 1931 1190 1990 anni
1221 1937 1364 1992 autumno

240 2037 412 2097 Beroliuum
434 2037 567 2114 migravi.
599 2038 674 2098 Inde
696 2057 714 2098 a
736 2057 805 2098 vere
831 2040 916 2099 1904
940 2038 1037 2098 denuo
1059 2038 1153 2098 Halae
1176 2039 1276 2098 studia
1298 2058 1364 2099 mea

241 2145 417 2204 continuavi.

330 2251 499 2313 Docuenmt
529 2270 578 2313 me
608 2253 665 2312 viri
696 2253 861 2313 doctissimi
887 2252 1081 2312 Halenses:
1113 2252 1214 2328 Blass,
1247 2253 1364 2313 Ditten-

241 2359 360 2435 berger,
393 2359 488 2434 Fries,
516 2360 551 2419 R.
566 2360 731 2436 Kautzsch,
758 2359 859 2434 Riehl,
888 2359 992 2433 Saran,
1023 2359 1161 2437 Strauch,
1189 2359 1363 2436 Vaihiuger,

241 2466 400 2543 Wissowa3
436 2464 708 2543 Gottingenses:
736 2468 809 2542 Leo,
837 2466 996 2541 Sohrdder‚
1024 2464 1190 2544 Schwartm
1223 2466 1363 2526 Beroli-

240 2590 386 2632 nenses:
419 2573 454 2632 R.
470 2573 509 2633 Μ.
525 2573 641 2650 Meyer,
673 2574 799 2648 Roethe,
831 2572 864 2632 Ε.
880 2571 1028 2647 Schmidt,
1060 2571 1189 2647 Vahlen,
1217 2573 1363 2648 Wentzel,

241 2679 279 2739 de
316 2679 758 2740 Wilamowitz·Moelleudorff.
819 2680 867 2738 Ad
904 2677 1129 2738 exercitationes
1166 2679 1363 2758 philologioas

241 2786 368 2863 benigne
398 2787 512 2847 aditum
537 2786 613 2845 mihi
640 2787 840 2863 praebuerunt
866 2787 954 2848 Blass
980 2792 1012 2848 et
1035 2787 1199 2862 Schwartz,
1231 2787 1270 2846 ad
1297 2806 1363 2864 ger-

241 2894 371 2953 manicas
393 2893 512 2971 Heyne,
535 2893 661 2968 Roethe,
685 2893 809 2969 Bcrger,
831 2894 869 2953 ad
891 2894 1127 2971 archaeologicas
1149 2893 1267 2954 Robert.
1306 2894 1364 2953 Per

241 2999 300 3059 duo
323 3002 477 3061 semestria
496 2999 646 3062 seminarii
666 3001 742 3078 regii
758 3001 928 3080 philologici
943 3019 1059 3061 necnon
1074 3001 1237 3076 germanici
1253 3001 1363 3061 sodalis

241 3106 286 3166 fui
302 3108 468 3169 ordinarius
481 3109 702 3168 moderantibus
712 3109 810 3184 Blass,
823 3108 1044 3184 Dittenberger,
1056 3107 1216 3180 Wissowa,
1226 3106 1362 3167 Strauch.

330 3215 387 3276 His
415 3215 552 3276 omnibus
575 3215 648 3274 viris
670 3215 882 3276 illustrissimis
904 3215 1018 3275 debitas
1041 3215 1151 3290 gratias
1173 3213 1285 3289 refero,
1307 3214 1362 3273 im-

240 3322 345 3398 primis
376 3326 476 3391 autem
502 3322 628 3402 gratiam
660 3323 753 3382 habeo
785 3339 961 3400 semperque
987 3322 1101 3382 habebo
1128 3320 1362 3398 Dittenbergero,

241 3429 293 3504 qui
316 3447 364 3488 me
387 3446 530 3508 persaepe
554 3429 676 3489 consilio
698 3433 729 3489 et
750 3447 839 3506 opera
861 3429 1072 3505 benignissime
1095 3428 1217 3488 adiuvit

503 4383 681 4427 Buahdrnokoroi
696 4385 735 4427 dos
745 4383 919 4427 Waisenhauses
932 4384 955 4426 iu
969 4383 1034 4426 Hella
1043 4396 1063 4425 a.
1075 4383 1099 4429 S.
